
@inproceedings{agarawala_keepinit_2006,
  title = {Keepin'it Real: Pushing the Desktop Metaphor with Physics, Piles and the Pen},
  timestamp = {2017-10-31T21:15:07Z},
  booktitle = {Proceedings of the {{SIGCHI}} Conference on {{Human Factors}} in Computing Systems},
  publisher = {{ACM}},
  author = {Agarawala, Anand and Balakrishnan, Ravin},
  year = {2006},
  pages = {1283--1292}
}

@inproceedings{alzayat_quantitative_2014,
  title = {Quantitative Measurement of Virtual vs. Physical Object Embodiment through Kinesthetic Figural after Effects},
  timestamp = {2017-10-31T21:15:08Z},
  booktitle = {Proceedings of the {{SIGCHI Conference}} on {{Human Factors}} in {{Computing Systems}}},
  publisher = {{ACM}},
  author = {Alzayat, Ayman and Hancock, Mark and Nacenta, Miguel},
  year = {2014},
  pages = {2903--2912}
}

@article{argelaguet_survey_2013,
  title = {A Survey of {{3D}} Object Selection Techniques for Virtual Environments},
  volume = {37},
  timestamp = {2017-10-31T21:15:08Z},
  number = {3},
  journal = {Computers \& Graphics},
  author = {Argelaguet, Ferran and Andujar, Carlos},
  year = {2013},
  keywords = {rank4},
  pages = {121--136}
}

@article{azuma_survey_1997,
  title = {A Survey of Augmented Reality},
  volume = {6},
  timestamp = {2017-10-31T21:15:08Z},
  number = {4},
  journal = {Presence: Teleoperators and virtual environments},
  author = {Azuma, Ronald T},
  year = {1997},
  keywords = {rank5,relevant},
  pages = {355--385}
}

@article{azuma_recent_2001,
  title = {Recent Advances in Augmented Reality},
  volume = {21},
  timestamp = {2017-10-31T21:15:08Z},
  number = {6},
  journal = {Computer Graphics and Applications, IEEE},
  author = {Azuma, Ronald and Baillot, Yohan and Behringer, Reinhold and Feiner, Steven and Julier, Simon and MacIntyre, Blair},
  year = {2001},
  keywords = {rank5,relevant},
  pages = {34--47}
}

@inproceedings{ball_effects_2008,
  title = {The Effects of Peripheral Vision and Physical Navigation on Large Scale Visualization},
  timestamp = {2017-10-31T21:15:08Z},
  booktitle = {Proceedings of {{Graphics Interface}} 2008},
  publisher = {{Canadian Information Processing Society}},
  author = {Ball, Robert and North, Chris},
  year = {2008},
  pages = {9--16}
}

@inproceedings{bardzell_what_2013,
  title = {What Is Critical about Critical Design?},
  timestamp = {2017-10-31T21:15:08Z},
  booktitle = {Proceedings of the {{SIGCHI}} Conference on Human Factors in Computing Systems},
  publisher = {{ACM}},
  author = {Bardzell, Jeffrey and Bardzell, Shaowen},
  year = {2013},
  pages = {3297--3306}
}

@inproceedings{baudisch_keeping_2002,
  title = {Keeping Things in Context: A Comparative Evaluation of Focus plus Context Screens, Overviews, and Zooming},
  timestamp = {2017-10-31T21:15:08Z},
  booktitle = {Proceedings of the {{SIGCHI}} Conference on {{Human}} Factors in Computing Systems},
  publisher = {{ACM}},
  author = {Baudisch, Patrick and Good, Nathaniel and Bellotti, Victoria and Schraedley, Pamela},
  year = {2002},
  keywords = {relevant},
  pages = {259--266}
}

@inproceedings{baudisch_focus_2001,
  title = {Focus plus Context Screens: Combining Display Technology with Visualization Techniques},
  timestamp = {2017-10-31T21:15:08Z},
  booktitle = {Proceedings of the 14th Annual {{ACM}} Symposium on {{User}} Interface Software and Technology},
  publisher = {{ACM}},
  author = {Baudisch, Patrick and Good, Nathaniel and Stewart, Paul},
  year = {2001},
  keywords = {relevant},
  pages = {31--40}
}

@inproceedings{baudisch_halo:_2003,
  title = {Halo: A Technique for Visualizing off-Screen Objects},
  timestamp = {2017-10-31T21:15:08Z},
  booktitle = {Proceedings of the {{SIGCHI}} Conference on {{Human}} Factors in Computing Systems},
  publisher = {{ACM}},
  author = {Baudisch, Patrick and Rosenholtz, Ruth},
  year = {2003},
  keywords = {rank5,relevant},
  pages = {481--488}
}

@inproceedings{beaudouin-lafon_designing_2004,
  title = {Designing Interaction, Not Interfaces},
  timestamp = {2017-10-31T21:15:08Z},
  booktitle = {Proceedings of the Working Conference on {{Advanced}} Visual Interfaces},
  publisher = {{ACM}},
  author = {Beaudouin-Lafon, Michel},
  year = {2004},
  pages = {15--22}
}

@article{beaudouin-lafon_multisurface_2012,
  title = {Multisurface Interaction in the Wild Room},
  volume = {45},
  timestamp = {2017-10-31T21:15:08Z},
  number = {4},
  journal = {Computer},
  author = {Beaudouin-Lafon, Michel and Huot, Stephane and Nancel, Mathieu and Mackay, Wendy and Pietriga, Emmanuel and Primet, Romain and Wagner, Julie and Chapuis, Olivier and Pillias, Clement and Eagan, James R and {others}},
  year = {2012},
  pages = {48--56}
}

@inproceedings{bell_dynamic_2000,
  title = {Dynamic Space Management for User Interfaces},
  timestamp = {2017-10-31T21:15:08Z},
  booktitle = {Proceedings of the 13th Annual {{ACM}} Symposium on {{User}} Interface Software and Technology},
  publisher = {{ACM}},
  author = {Bell, Blaine A and Feiner, Steven K},
  year = {2000},
  pages = {239--248}
}

@techreport{bellini_virtual_2016,
  title = {Virtual \& {{Augmented Reality}} : {{Understanding}} the Race of the next Computing Platform},
  timestamp = {2017-10-31T21:15:08Z},
  institution = {Goldman Sachs Global Investment Research},
  author = {Bellini, Heather and Chen, Wei and Sugiyama, Masaru and Shin, Marcus and Alam, Shateel and Takayama, Daiki},
  month = jan,
  year = {2016},
  keywords = {relevant}
}

@inproceedings{benford_uncomfortable_2012,
  title = {Uncomfortable Interactions},
  timestamp = {2017-10-31T21:15:08Z},
  booktitle = {Proceedings of the {{SIGCHI Conference}} on {{Human Factors}} in {{Computing Systems}}},
  publisher = {{ACM}},
  author = {Benford, Steve and Greenhalgh, Chris and Giannachi, Gabriella and Walker, Brendan and Marshall, Joe and Rodden, Tom},
  year = {2012},
  pages = {2005--2014}
}

@inproceedings{benko_cross-dimensional_2005,
  title = {Cross-Dimensional Gestural Interaction Techniques for Hybrid Immersive Environments},
  timestamp = {2017-10-31T21:15:08Z},
  booktitle = {Virtual {{Reality}}, 2005. {{Proceedings}}. {{VR}} 2005. {{IEEE}}},
  publisher = {{IEEE}},
  author = {Benko, Hrvoje and Ishak, Edward W and Feiner, Steven},
  year = {2005},
  pages = {209--216}
}

@inproceedings{benko_fovear:_2015,
  title = {{{FoveAR}}: {{Combining}} an {{Optically See}}-{{Through Near}}-{{Eye Display}} with {{Projector}}-{{Based Spatial Augmented Reality}}},
  timestamp = {2017-10-31T21:15:08Z},
  booktitle = {Proceedings of the 28th {{Annual ACM Symposium}} on {{User Interface Software}} \& {{Technology}}},
  publisher = {{ACM}},
  author = {Benko, Hrvoje and Ofek, Eyal and Zheng, Feng and Wilson, Andrew D},
  year = {2015},
  pages = {129--135},
  annote = {Pour voir la pr{\'e}sentation : http://dl.acm.org/citation.cfm?id=2807493\&CFID=761749114\&CFTOKEN=66701357}
}

@incollection{berard_did_2009,
  title = {Did "{{Minority Report}}" Get It Wrong? {{Superiority}} of the Mouse over {{3D}} Input Devices in a {{3D}} Placement Task},
  timestamp = {2017-10-31T21:15:08Z},
  booktitle = {Human-{{Computer Interaction}}\textendash{}{{INTERACT}} 2009},
  publisher = {{Springer}},
  author = {B{\'e}rard, Fran{\c c}ois and Ip, Jessica and Benovoy, Mitchel and El-Shimy, Dalia and Blum, Jeffrey R and Cooperstock, Jeremy R},
  year = {2009},
  keywords = {rank4},
  pages = {400--414}
}

@inproceedings{berge_exploring_2014,
  title = {Exploring Smartphone-Based Interaction with Overview+ Detail Interfaces on {{3D}} Public Displays},
  timestamp = {2017-10-31T21:15:08Z},
  booktitle = {Proceedings of the 16th International Conference on {{Human}}-Computer Interaction with Mobile Devices \& Services},
  publisher = {{ACM}},
  author = {Berg{\'e}, Louis-Pierre and Serrano, Marcos and Perelman, Gary and Dubois, Emmanuel},
  year = {2014},
  keywords = {relevant},
  pages = {125--134}
}

@phdthesis{bernatchez_etude_2008,
  title = {{\'E}tude Des Performances Des Interfaces Humain-Machine {\`a} Base de M{\'e}taphores Visuelles Pour Les Syst{\`e}mes de R{\'e}alit{\'e} Virtuelle},
  timestamp = {2017-10-31T21:15:08Z},
  author = {Bernatchez, Marc},
  year = {2008},
  keywords = {rank1}
}

@inproceedings{bi_comparing_2009,
  title = {Comparing Usage of a Large High-Resolution Display to Single or Dual Desktop Displays for Daily Work},
  timestamp = {2017-10-31T21:15:08Z},
  booktitle = {Proceedings of the {{SIGCHI Conference}} on {{Human Factors}} in {{Computing Systems}}},
  publisher = {{ACM}},
  author = {Bi, Xiaojun and Balakrishnan, Ravin},
  year = {2009},
  pages = {1005--1014}
}

@article{billinghurst_designing_2005,
  title = {Designing Augmented Reality Interfaces},
  volume = {39},
  timestamp = {2017-10-31T21:15:08Z},
  number = {1},
  journal = {ACM Siggraph Computer Graphics},
  author = {Billinghurst, Mark and Grasset, Raphael and Looser, Julian},
  year = {2005},
  pages = {17--22}
}

@book{bimber_spatial_2005,
  title = {Spatial Augmented Reality: Merging Real and Virtual Worlds},
  timestamp = {2017-10-31T21:15:08Z},
  publisher = {{CRC Press}},
  author = {Bimber, Oliver and Raskar, Ramesh},
  year = {2005},
  keywords = {relevant}
}

@article{bowman_user_1995,
  title = {User Interface Constraints for Immersive Virtual Environment Applications},
  timestamp = {2017-10-31T21:15:08Z},
  author = {Bowman, Douglas A and Hodges, Larry F},
  year = {1995}
}

@article{bowman_introduction_2001,
  title = {An Introduction to 3-{{D}} User Interface Design},
  volume = {10},
  timestamp = {2017-10-31T21:15:08Z},
  number = {1},
  journal = {Presence: Teleoperators and virtual environments},
  author = {Bowman, Doug A and Kruijff, Ernst and LaViola Jr, Joseph J and Poupyrev, Ivan},
  year = {2001},
  pages = {96--108}
}

@inproceedings{brown_hci_2014,
  title = {{{HCI}} over Multiple Screens},
  timestamp = {2017-10-31T21:15:08Z},
  booktitle = {{{CHI}}'14 {{Extended}} Abstracts on Human Factors in Computing Systems},
  publisher = {{ACM}},
  author = {Brown, Andy and Evans, Michael and Jay, Caroline and Glancy, Maxine and Jones, Rhianne and Harper, Simon},
  year = {2014},
  pages = {665--674}
}

@inproceedings{bruder_effects_2013,
  title = {Effects of Visual Conflicts on {{3D}} Selection Task Performance in Stereoscopic Display Environments},
  timestamp = {2017-10-31T21:15:08Z},
  booktitle = {{{3D User Interfaces}} ({{3DUI}}), 2013 {{IEEE Symposium}} On},
  publisher = {{IEEE}},
  author = {Bruder, Gerd and Steinicke, Frank and Sturzlinger, Wolfgang},
  year = {2013},
  pages = {115--118}
}

@article{burigat_visualizing_2011,
  title = {Visualizing References to Off-Screen Content on Mobile Devices: {{A}} Comparison of {{Arrows}}, {{Wedge}}, and {{Overview}}+ {{Detail}}},
  volume = {23},
  timestamp = {2017-10-31T21:15:08Z},
  number = {2},
  journal = {Interacting with Computers},
  author = {Burigat, Stefano and Chittaro, Luca},
  year = {2011},
  keywords = {rank5,relevant},
  pages = {156--166}
}

@inproceedings{butterworth_3dm:_1992,
  title = {{{3DM}}: {{A}} Three Dimensional Modeler Using a Head-Mounted Display},
  timestamp = {2017-10-31T21:15:08Z},
  booktitle = {Proceedings of the 1992 Symposium on {{Interactive 3D}} Graphics},
  publisher = {{ACM}},
  author = {Butterworth, Jeff and Davidson, Andrew and Hench, Stephen and Olano, Marc T},
  year = {1992},
  pages = {135--138}
}

@article{carmigniani_augmented_2011,
  title = {Augmented Reality Technologies, Systems and Applications},
  volume = {51},
  timestamp = {2017-10-31T21:15:08Z},
  number = {1},
  journal = {Multimedia Tools and Applications},
  author = {Carmigniani, Julie and Furht, Borko and Anisetti, Marco and Ceravolo, Paolo and Damiani, Ernesto and Ivkovic, Misa},
  year = {2011},
  keywords = {rank4,relevant},
  pages = {341--377}
}

@inproceedings{cauchard_m+_2012,
  title = {M+ {{pSpaces}}: Virtual Workspaces in the Spatially-Aware Mobile Environment},
  timestamp = {2017-10-31T21:15:08Z},
  booktitle = {Proceedings of the 14th International Conference on {{Human}}-Computer Interaction with Mobile Devices and Services},
  publisher = {{ACM}},
  author = {Cauchard, Jessica and L{\"o}chtefeld, Markus and Fraser, Mike and Kr{\"u}ger, Antonio and Subramanian, Sriram},
  year = {2012},
  pages = {171--180}
}

@phdthesis{chalon_realite_2004,
  title = {R{\'e}alit{\'e} Mixte et Travail Collaboratif: {{IRVO}}, Un Mod{\`e}le de l'interaction Homme-Machine},
  timestamp = {2017-10-31T21:15:08Z},
  school = {Ecole Centrale de Lyon},
  author = {Chalon, Ren{\'e}},
  year = {2004},
  keywords = {relevant}
}

@inproceedings{chang_understanding_2015,
  title = {Understanding {{Users}}' {{Touch Behavior}} on {{Large Mobile Touch}}-{{Screens}} and {{Assisted Targeting}} by {{Tilting Gesture}}},
  timestamp = {2017-10-31T21:15:08Z},
  booktitle = {Proceedings of the 33rd {{Annual ACM Conference}} on {{Human Factors}} in {{Computing Systems}}},
  publisher = {{ACM}},
  author = {Chang, Youli and L'Yi, Sehi and Koh, Kyle and Seo, Jinwook},
  year = {2015},
  pages = {1499--1508}
}

@inproceedings{chan_touching_2010,
  title = {Touching the Void: Direct-Touch Interaction for Intangible Displays},
  timestamp = {2017-10-31T21:15:08Z},
  booktitle = {Proceedings of the {{SIGCHI Conference}} on {{Human Factors}} in {{Computing Systems}}},
  publisher = {{ACM}},
  author = {Chan, Li-Wei and Kao, Hui-Shan and Chen, Mike Y and Lee, Ming-Sui and Hsu, Jane and Hung, Yi-Ping},
  year = {2010},
  keywords = {rank4},
  pages = {2625--2634}
}

@inproceedings{chen_duet:_2014,
  title = {Duet: Exploring Joint Interactions on a Smart Phone and a Smart Watch},
  timestamp = {2017-10-31T21:15:08Z},
  booktitle = {Proceedings of the {{SIGCHI Conference}} on {{Human Factors}} in {{Computing Systems}}},
  publisher = {{ACM}},
  author = {Chen, Xiang'Anthony' and Grossman, Tovi and Wigdor, Daniel J and Fitzmaurice, George},
  year = {2014},
  pages = {159--168}
}

@inproceedings{chilana_user-centered_2015,
  title = {From {{User}}-{{Centered}} to {{Adoption}}-{{Centered Design}}: {{A Case Study}} of an {{HCI Research Innovation Becoming}} a {{Product}}},
  timestamp = {2017-10-31T21:15:08Z},
  booktitle = {Proceedings of the 33rd {{Annual ACM Conference}} on {{Human Factors}} in {{Computing Systems}}},
  publisher = {{ACM}},
  author = {Chilana, Parmit K and Ko, Andrew J and Wobbrock, Jacob},
  year = {2015},
  pages = {1749--1758}
}

@article{cockburn_review_2009,
  title = {A Review of Overview+ Detail, Zooming, and Focus+ Context Interfaces},
  volume = {41},
  timestamp = {2017-10-31T21:15:08Z},
  number = {1},
  journal = {ACM Computing Surveys (CSUR)},
  author = {Cockburn, Andy and Karlson, Amy and Bederson, Benjamin B},
  year = {2009},
  keywords = {relevant},
  pages = {2}
}

@article{cockburn_evaluating_2004,
  title = {Evaluating Spatial Memory in Two and Three Dimensions},
  volume = {61},
  timestamp = {2017-10-31T21:15:08Z},
  number = {3},
  journal = {International Journal of Human-Computer Studies},
  author = {Cockburn, Andy and McKenzie, Bruce},
  year = {2004},
  pages = {359--373}
}

@inproceedings{cruz-neira_surround-screen_1993,
  title = {Surround-Screen Projection-Based Virtual Reality: The Design and Implementation of the {{CAVE}}},
  timestamp = {2017-10-31T21:15:09Z},
  booktitle = {Proceedings of the 20th Annual Conference on {{Computer}} Graphics and Interactive Techniques},
  publisher = {{ACM}},
  author = {Cruz-Neira, Carolina and Sandin, Daniel J and DeFanti, Thomas A},
  year = {1993},
  pages = {135--142}
}

@phdthesis{delahousse_etude_2014,
  title = {{\'E}tude Empirique de Huit Cas d'application de La R{\'e}alit{\'e} Augment{\'e}e Spatiale Pour La Communication {\'E}v{\'e}nementielle},
  timestamp = {2017-10-31T21:15:09Z},
  school = {{\'E}cole Polytechnique de Montr{\'e}al},
  author = {Delahousse, Olivier},
  year = {2014}
}

@inproceedings{denning_situ_2014,
  title = {In Situ with Bystanders of Augmented Reality Glasses: {{Perspectives}} on Recording and Privacy-Mediating Technologies},
  timestamp = {2017-10-31T21:15:09Z},
  booktitle = {Proceedings of the 32nd Annual {{ACM}} Conference on {{Human}} Factors in Computing Systems},
  publisher = {{ACM}},
  author = {Denning, Tamara and Dehlawi, Zakariya and Kohno, Tadayoshi},
  year = {2014},
  pages = {2377--2386}
}

@incollection{de_sa_mobile_2013,
  title = {Mobile Augmented Reality: {{A}} Design Perspective},
  timestamp = {2017-10-31T21:15:09Z},
  booktitle = {Human {{Factors}} in {{Augmented Reality Environments}}},
  publisher = {{Springer}},
  author = {De S{\'a}, Marco and Churchill, Elizabeth F},
  year = {2013},
  keywords = {relevant},
  pages = {139--164}
}

@book{dunser_survey_2008,
  title = {A Survey of Evaluation Techniques Used in Augmented Reality Studies},
  timestamp = {2017-10-31T21:15:09Z},
  publisher = {{Human Interface Technology Laboratory New Zealand}},
  author = {D{\"u}nser, Andreas and Grasset, Rapha{\"e}l and Billinghurst, Mark},
  year = {2008},
  keywords = {rank4}
}

@inproceedings{ens_personal_2014,
  title = {The Personal Cockpit: A Spatial Interface for Effective Task Switching on Head-Worn Displays},
  timestamp = {2017-10-31T21:15:09Z},
  booktitle = {Proceedings of the {{SIGCHI Conference}} on {{Human Factors}} in {{Computing Systems}}},
  publisher = {{ACM}},
  author = {Ens, Barrett M and Finnegan, Rory and Irani, Pourang P},
  year = {2014},
  keywords = {rank4,relevant},
  pages = {3171--3180},
  annote = {[Probl{\`e}me de recherche] Il y a une prolif{\'e}ration de HMD peu cher, qui permettent d'interagir avec du contenu en permanence, mais qui m'affiche que des interface en 2D {\`a} distance fixe de l'utilisateur. Il n'y a pas d'exploitation de la p{\'e}riph{\'e}rie de l'utilisateur et peut cr{\'e}er des probl{\`e}mes d'occlusion avec le monde r{\'e}el. De plus, on retrouve le m{\^e}me probl{\`e}me que les smartphone o{\`u} le multitache demande de switcher entre des applications, ce qui co{\^u}te cher. Pourtant un HMD n'a pas de limites physiques et peut cr{\'e}er des IHM dans l'espace (en 3D et non plus sur un {\'e}cran 2D), et compos{\'e}es de plusieurs fen{\^e}tres. [Solution] Explorer la conception d'interfaces spatiale mobiles, avec de multiples affichages flottants dans les airs {\`a} l'aide un prototype. Pour cela, d{\'e}terminer quels sont les meilleurs facteurs de design pour concevoir un tel prototype, et les valider avec exp{\'e}rimentations empiriques. Enfin, faire des recommendations pour al conception d'IHM dans l'espace. Les facteurs explor{\'e}s sont : - le FOV : un humain a 200$^\circ$ en horizontal, 130$^\circ$ en vertical, fovea est 3$^\circ$h8$^\circ$v, un fov mini pour un hmd est 40$^\circ$h (si pour fovea) ou 60$^\circ$h (pour immersion) - le changement de contexte : nombre d'{\'e}cran et multitache, les mvt de t{\^e}tes doivent {\^e}tre minis{\'e} pour pas impacter perfs, et certaines taches valent le coup d'un {\'e}cran {\'e}tendu, consitance spatiale est bonne pour les perfs - la s{\'e}paration angulaire (angle de placement du contenu dans l'espace) : meilleur perfs si petits angles, jusqu'{\`a} 85$^\circ$ de rot h et 50$^\circ$ rot haut et 60-70$^\circ$ rot bas - la taille d'affichage (ou r{\'e}soluton) : plus haute meilleur pour navigation, certaines taches (par ex: recherche mais pas trac{\'e} de route) profitent d'un plus grand affichage, mais souvent le fait de pouvoir se d{\'e}placer dans l'espace est plus important que d'avoir un grand affichage - la distance d'affichage des fen{\^e}tres : 0.25m minimum mais 1m recommand{\'e} pour {\'e}crans physiques, impacts sur perfs si affichages {\`a} distances diff{\'e}rentes, en VR la prof est mal estim{\'e}e - m{\'e}thode d'entr{\'e}e : directe est plus naturelle mais pose des probl{\'e}mes car vr intangible et probl{\`e}mes d'estimation de distances - placement des affichages : sur le monde ou les objets, sur la t{\^e}te, sur le corps, sur les mains [M{\'e}thodologie] R{\'e}aliser quatre exp{\'e}rimentation pour d{\'e}terminer et valider ces param{\`e}tres : 1 Tache de recherche visuelle d'objet VI : angle de placement (50,75,100,125,150\% du FoV) et distance placement (40,60,80,100 cm) VC : FoV (40$^\circ$x30$^\circ$) VD : temps d'essai, effort per{\c c}u 2 Tache de s{\'e}lection d'une cible VI : placement (world-, body-, view-fixed), distance placement (40, 50, 60 cm), location cible (centre, haut, bas, gauche, droite) VC : FoV (40$^\circ$x30$^\circ$), 70\% du FoV, input direct VD : temps d'essai, erreurs s{\'e}lection, effort per{\c c}u 3 Tache de recherche visuelle d'objet VI : angle de placement (50,75,100,125,150\% du FoV), distance placement (40,60,80,100 cm) VC : FoV (40$^\circ$x30$^\circ$), 70\% du FoV, input direct, world-fixed, 50 cm, curved windows VD : temps d'essai, erreurs s{\'e}lection, effort per{\c c}u 4 [R{\'e}sultats] 1 75\% pour temps, et inconfort {\`a} 40 cm malgr{\'e} pas de diff donc 60 cm min 2 world-fixed le plus pr{\'e}cis (pour les autres le manque de pr{\'e}cision de l'outil de s{\'e}lection contrebalan{\c c}ait la proprioception), mais pas de diff de temps + pr{\'e}cision meilleure quand distance proche = plus le bras s'allonge, moins c'est pr{\'e}cis 3 4 Autres : Les fen{\^e}tres VR sont compatibles avec input direct m{\^e}me si FoV limit{\'e}. Un layout courbe fonctionne bien et limite les erreurs. [Limites] Simplement test{\'e} l'input direct. Que de l'intangible. FoV tr{\`e}s limit{\'e} et fixe. Il faudrait tester sur plus de taches pour voir si les r{\'e}sultats sont g{\'e}n{\'e}ralisables. [Concepts-cl{\'e}s] Head-worn display; head-mounted display; task switching; spatial input; spatial user interface; virtual window management; multi-display environment [Futurs travaux] R{\'e}pliquer sur un vrai HMD, pas un CAVE comme dans les exp{\'e}riences. Mieux supporter l'input direct et tester d'autres techniques d'input. Mieux comprendre les limitations de la proprioception et de la fatigue utilisateur, donc permettre une pus grand stabilisation quand en mode body-fixed ou changer de mode en fonction du contexte. [R{\'e}f{\'e}rences centrales] [12] Steven Feiner , Blair MacIntyre , Marcus Haupt , Eliot Solomon, Windows on the world: 2D windows for 3D augmented reality, Proceedings of the 6th annual ACM symposium on User interface software and technology, p.145-155, December 1993, Atlanta, Georgia, USA [13] George W. Fitzmaurice, Situated information spaces and spatially aware palmtop computers, Communications of the ACM, v.36 n.7, p.39-49, July 1993 [22] Frank Chun Yat Li , David Dearman , Khai N. Truong, Virtual shelves: interactions with orientation aware devices, Proceedings of the 22nd annual ACM symposium on User interface software and technology, October 04-07, 2009, Victoria, BC, Canada [34] Lauren Shupp , Robert Ball , Beth Yost , John Booker , Chris North, Evaluation of viewport size and curvature of large, high-resolution displays, Proceedings of Graphics Interface 2006, June 07-09, 2006, Quebec, Canada}
}

@inproceedings{ens_ethereal_2014,
  title = {Ethereal Planes: A Design Framework for {{2D}} Information Space in {{3D}} Mixed Reality Environments},
  timestamp = {2017-10-31T21:15:09Z},
  booktitle = {Proceedings of the 2nd {{ACM}} Symposium on {{Spatial}} User Interaction},
  publisher = {{ACM}},
  author = {Ens, Barrett and Hincapi{\'e}-Ramos, Juan David and Irani, Pourang},
  year = {2014},
  keywords = {rank5,relevant},
  pages = {2--12},
  annote = {[Probl{\`e}me de recherche] La technologie ({\'e}crans et capteurs) permet d{\'e}sormais de r{\'e}aliser de l'informatique mobile et portable (on le voit avec les smartphones). De plus, cela permet d'aller au del{\`a} du 'touchscreen' et de r{\'e}aliser des interactions spatiales en r{\'e}alit{\'e} mixte, en particulier avec l'utilisation d'outils comme les HMD. Cependant, les HMD ne sont encore qu'{\`a} leurs d{\'e}buts, et il manque d'outils m{\'e}thodologiques pour concevoir des applications mobile avec HMD. [Solution] Concevoir un cadre de conception ("design framework") de telles applications. Ce cadre, nomm{\'e} "Ethereal Planes", s'appuie sur le concept de "information spaces" qui consiste {\`a} associer les espaces d'informations {\`a} des {\'e}l{\'e}ments de l'environnement r{\'e}el. Ce cadre s'addresse aux interfaces con{\c c}ues avec des HMD, qui poss{\`e}dent les avantages d'un affichage toujours pr{\'e}sent et de laisser libres les mains du l'utilisateur. Les 7 dimension du cadre : - Perspective : le cadre de r{\'e}f{\'e}rence de l'espace d'information, egocentrique (par rapport au corps ou {\`a} la t{\^e}te de l'utilisateur) ou exocentrique (par rapport {\`a} un objet ou point du monde) - Movability : soit l'espace d'information est fix{\'e} {\`a} son cadre de r{\'e}f{\'e}rence, soit il est d{\'e}placable - Proximit{\'e} : la distance de l'espace d'information avec l'utilisateur - Mode d'entr{\'e}e : direct (curseur, ray-casting), ou indirect (main, touch, crayon) - Tangibilit{\'e} : est-ce que l'espace d'information est li{\'e} {\`a} une surface tangible, donc tangible ou intangible - Visibilit{\'e} : la quantit{\'e} d'information pr{\'e}sentes dans l'interface, donc haut (l'espace d'information est largement visible), moyen (il y a des contraintes visuelles), bas (peu de feedback visuel) - Discr{\'e}tisation : l'espace d'information est continu ou form{\'e} d'unit{\'e}s discr{\`e}tes [M{\'e}thodologie] Collecter et organiser, par une revue de litt{\'e}rature syst{\'e}matique, tous les concepts introduits dans de pr{\'e}c{\'e}dentes recherches ayant impl{\'e}ment{\'e} des "information spaces" avec des interfaces 2D spatiales. 34 articles ont {\'e}t{\'e} utilis{\'e}s, issus des 5 derni{\`e}res ann{\'e}es des conf{\'e}rences CHI, UIST, ISWC and VRST. [R{\'e}sultats] Les articles ont {\'e}t{\'e} class{\'e}s selon ces {\'e}chelles. Cinq cat{\'e}gories, de patterns de dimensions r{\'e}currents, en ont ressortis : 1 Peephole ({\'e}cran comme une fen{\^e}tre d{\'e}pla{\c c}able le long d'un plus grand affichage) et spotlight (projection du contenu dans l'environnement) : exocentrique, fix{\'e}, proche, direct, tangible, haut, continu 2 Fen{\^e}tres flottantes en l'air : exocentrique, fix{\'e}, proche, indirect, intangible, haut, continu 3 Hors-{\'e}cran : les interactions dans la r{\'e}gion autour de l'affichage : : exocentrique, d{\'e}pla{\c c}able, proche, indirect, tangible, haut, continu 4 Sur le corps ; : egocentrique, d{\'e}pla{\c c}able, sur le corps, direct, tangible, interm{\'e}diaire, discret 5 Palette () : egocentrique, d{\'e}pla{\c c}able, proche, direct, tangible, haut, continu De plus, certaines combinaisons de dimensions sont vides et donc {\`a} potentiellement combler, en utilisant la m{\'e}thode de Robinett. [Limites] Le cadre est limit{\'e} {\`a} la conception d'interface 2D dans l'espace de r{\'e}alit{\'e} mixe (justification : \guillemotleft{} 2D interfaces are currently ubiquitous both within and beyond the realm of computing interfaces and will remain suitable for a wide range of uses, particularly those involving information simplification or abstraction \guillemotright). En 3D il faudrait prendre en compte l'occlusion et les probl{\'e}matiques de rotation et d{\'e}placement du contenu. Tous les vides ne sont pas {\`a} combler, car il peut exister des relations d'interd{\'e}pendances entre certaines dimensions. Les interactions multi-modales ne sont pas explor{\'e}es (en particulier utilisation de commandes vocales). La conception pour la collaboration n'a pas {\'e}t{\'e} prise en compte. [Concepts-cl{\'e}s] Information spaces; mixed reality; design framework; head-worn displays; spatial user interfaces [Futurs travaux] Am{\'e}liorer le cadre de conception {\`a} partir des limites {\'e}nonc{\'e}es. [R{\'e}f{\'e}rences centrales] [3] Ens, B., Finnigegan, R. and Irani, P. The Personal Cockpit: A spatial window layout for effective task switching on head-worn displays. Proc. CHI '14, ACM (2014), 3171-3180. [24] Fitzmaurice, G.W. Situated information spaces and spatially aware computers. Communications of the ACM 36, 7, ACM (1993), 39-49.}
}

@inproceedings{esteves_orbits:_2015,
  title = {Orbits: {{Gaze Interaction}} for {{Smart Watches}} Using {{Smooth Pursuit Eye Movements}}},
  timestamp = {2017-10-31T21:15:09Z},
  booktitle = {Proceedings of the 28th {{Annual ACM Symposium}} on {{User Interface Software}} \& {{Technology}}},
  publisher = {{ACM}},
  author = {Esteves, Augusto and Velloso, Eduardo and Bulling, Andreas and Gellersen, Hans},
  year = {2015},
  pages = {457--466}
}

@inproceedings{feiner_windows_1993,
  title = {Windows on the World: {{2D}} Windows for {{3D}} Augmented Reality},
  timestamp = {2017-10-31T21:15:09Z},
  booktitle = {Proceedings of the 6th Annual {{ACM}} Symposium on {{User}} Interface Software and Technology},
  publisher = {{ACM}},
  author = {Feiner, Steven and MacIntyre, Blair and Haupt, Marcus and Solomon, Eliot},
  year = {1993},
  keywords = {relevant},
  pages = {145--155}
}

@article{fitts_information_1954,
  title = {The Information Capacity of the Human Motor System in Controlling the Amplitude of Movement.},
  volume = {47},
  timestamp = {2017-10-31T21:15:09Z},
  number = {6},
  journal = {Journal of experimental psychology},
  author = {Fitts, Paul M},
  year = {1954},
  pages = {381}
}

@article{fitzmaurice_situated_1993,
  title = {Situated Information Spaces and Spatially Aware Palmtop Computers},
  volume = {36},
  timestamp = {2017-10-31T21:15:09Z},
  number = {7},
  journal = {Communications of the ACM},
  author = {Fitzmaurice, George W},
  year = {1993},
  keywords = {relevant},
  pages = {39--49}
}

@article{fuge_conceptual_2012,
  title = {Conceptual Design and Modification of Freeform Surfaces Using Dual Shape Representations in Augmented Reality Environments},
  volume = {44},
  timestamp = {2017-10-31T21:15:09Z},
  number = {10},
  journal = {Computer-Aided Design},
  author = {Fuge, Mark and Yumer, Mehmet Ersin and Orbay, Gunay and Kara, Levent Burak},
  year = {2012},
  pages = {1020--1032}
}

@inproceedings{grossman_pointing_2004,
  title = {Pointing at Trivariate Targets in {{3D}} Environments},
  timestamp = {2017-10-31T21:15:09Z},
  booktitle = {Proceedings of the {{SIGCHI}} Conference on {{Human}} Factors in Computing Systems},
  publisher = {{ACM}},
  author = {Grossman, Tovi and Balakrishnan, Ravin},
  year = {2004},
  keywords = {rank5},
  pages = {447--454}
}

@inproceedings{grubert_multifi:_2015,
  title = {Multifi: {{Multi}} Fidelity Interaction with Displays on and around the Body},
  timestamp = {2017-10-31T21:15:09Z},
  booktitle = {Proceedings of the 33rd {{Annual ACM Conference}} on {{Human Factors}} in {{Computing Systems}}},
  publisher = {{ACM}},
  author = {Grubert, Jens and Heinisch, Matthias and Quigley, Aaron and Schmalstieg, Dieter},
  year = {2015},
  keywords = {rank3,relevant},
  pages = {3933--3942},
  annote = {[Probl{\`e}me de recherche] Les {\'e}crans se multiplient dans notre espace, qu'ils soient publics ou personnels ; une personne va m{\^e}me souvent transporter plusieurs appareils sur soi. Mais ces appareils ne prennent pas en compte la pr{\'e}sence les uns des autres. Pourtant, le travail sur ordinateur avec plusieurs {\'e}crans, l'acc{\`e}s {\`a} distance d'un ordinateur, ou le screen mirroring montrent que la coordination d'appareil est int{\'e}ressante. [Solution] Cr{\'e}er une plateforme pour impl{\'e}menter une IHM entre diff{\'e}rents {\'e}crans d'affichage : et ainsi permettre d'utiliser de mani{\`e}re fluide diff{\'e}rents appareils conjointement. Il faut pour cela s'accomoder de r{\'e}solution et de FoV diff{\'e}rents pour les {\'e}crans de chaque appareil, et de variations de m{\'e}thodes d'entr{\'e}es de chaque appareil. [M{\'e}thodologie] [R{\'e}sultats] [Limites] [Concepts-cl{\'e}s] [Futurs travaux] [R{\'e}f{\'e}rences centrales]}
}

@inproceedings{grubert_design_2015,
  title = {Design and {{Technology Challenges}} for {{Body Proximate Display Ecosystems}}},
  timestamp = {2017-10-31T21:15:09Z},
  booktitle = {Proceedings of the 17th {{International Conference}} on {{Human}}-{{Computer Interaction}} with {{Mobile Devices}} and {{Services Adjunct}}},
  publisher = {{ACM}},
  author = {Grubert, Jens and Kranz, Matthias and Quigley, Aaron},
  year = {2015},
  keywords = {rank3,relevant},
  pages = {951--954}
}

@article{guiard_asymmetric_1987,
  title = {Asymmetric Division of Labor in Human Skilled Bimanual Action: {{The}} Kinematic Chain as a Model},
  volume = {19},
  timestamp = {2017-10-31T21:15:09Z},
  number = {4},
  journal = {Journal of motor behavior},
  author = {Guiard, Yves},
  year = {1987},
  pages = {486--517}
}

@inproceedings{gustafson_wedge:_2008,
  title = {Wedge: Clutter-Free Visualization of off-Screen Locations},
  timestamp = {2017-10-31T21:15:09Z},
  booktitle = {Proceedings of the {{SIGCHI Conference}} on {{Human Factors}} in {{Computing Systems}}},
  publisher = {{ACM}},
  author = {Gustafson, Sean and Baudisch, Patrick and Gutwin, Carl and Irani, Pourang},
  year = {2008},
  keywords = {rank4,relevant},
  pages = {787--796}
}

@article{henry_20_2007,
  title = {20 {{Years}} of Four {{HCI}} Conferences: {{A Visual Exploration}}},
  volume = {23},
  timestamp = {2017-10-31T21:15:09Z},
  number = {3},
  journal = {International Journal of Human-Computer Interaction},
  author = {Henry, Nathalie and Goodell, Howard and Elmqvist, Niklas and Fekete, Jean-Daniel},
  year = {2007},
  pages = {239--285}
}

@article{henrysson_bringing_2007,
  title = {Bringing Augmented Reality to Mobile Phones},
  timestamp = {2017-10-31T21:15:09Z},
  author = {Henrysson, Anders},
  year = {2007}
}

@inproceedings{hilliges_holodesk:_2012,
  title = {{{HoloDesk}}: Direct 3d Interactions with a Situated See-through Display},
  timestamp = {2017-10-31T21:15:09Z},
  booktitle = {Proceedings of the {{SIGCHI Conference}} on {{Human Factors}} in {{Computing Systems}}},
  publisher = {{ACM}},
  author = {Hilliges, Otmar and Kim, David and Izadi, Shahram and Weiss, Malte and Wilson, Andrew},
  year = {2012},
  pages = {2421--2430}
}

@inproceedings{hincapie-ramos_consumed_2014,
  title = {Consumed Endurance: {{A}} Metric to Quantify Arm Fatigue of Mid-Air Interactions},
  timestamp = {2017-10-31T21:15:09Z},
  booktitle = {Proceedings of the 32nd Annual {{ACM}} Conference on {{Human}} Factors in Computing Systems},
  publisher = {{ACM}},
  author = {Hincapi{\'e}-Ramos, Juan David and Guo, Xiang and Moghadasian, Paymahn and Irani, Pourang},
  year = {2014},
  pages = {1063--1072}
}

@inproceedings{hinckley_passive_1994,
  title = {Passive Real-World Interface Props for Neurosurgical Visualization},
  timestamp = {2017-10-31T21:15:09Z},
  booktitle = {Proceedings of the {{SIGCHI}} Conference on {{Human}} Factors in Computing Systems},
  publisher = {{ACM}},
  author = {Hinckley, Ken and Pausch, Randy and Goble, John C and Kassell, Neal F},
  year = {1994},
  pages = {452--458}
}

@article{huang_mobile_2013,
  title = {Mobile Augmented Reality Survey: {{A}} Bottom-up Approach},
  timestamp = {2017-10-31T21:15:09Z},
  journal = {arXiv preprint arXiv:1309.4413},
  author = {Huang, Zhanpeng and Hui, Pan and Peylo, Christoph and Chatzopoulos, Dimitris},
  year = {2013},
  keywords = {rank4}
}

@incollection{hurst_multimodal_2011,
  title = {Multimodal Interaction Concepts for Mobile Augmented Reality Applications},
  timestamp = {2017-10-31T21:15:09Z},
  booktitle = {Advances in Multimedia Modeling},
  publisher = {{Springer}},
  author = {H{\"u}rst, Wolfgang and Van Wezel, Casper},
  year = {2011},
  keywords = {relevant},
  pages = {157--167}
}

@article{hurst_gesture-based_2013,
  title = {Gesture-Based Interaction via Finger Tracking for Mobile Augmented Reality},
  volume = {62},
  timestamp = {2017-10-31T21:15:09Z},
  number = {1},
  journal = {Multimedia Tools and Applications},
  author = {H{\"u}rst, Wolfgang and Van Wezel, Casper},
  year = {2013},
  pages = {233--258}
}

@inproceedings{jacob_reality-based_2008,
  title = {Reality-Based Interaction: A Framework for Post-{{WIMP}} Interfaces},
  timestamp = {2017-10-31T21:15:09Z},
  booktitle = {Proceedings of the {{SIGCHI}} Conference on {{Human}} Factors in Computing Systems},
  publisher = {{ACM}},
  author = {Jacob, Robert JK and Girouard, Audrey and Hirshfield, Leanne M and Horn, Michael S and Shaer, Orit and Solovey, Erin Treacy and Zigelbaum, Jamie},
  year = {2008},
  pages = {201--210}
}

@inproceedings{jain_head-mounted_2015,
  title = {Head-{{Mounted Display Visualizations}} to {{Support Sound Awareness}} for the {{Deaf}} and {{Hard}} of {{Hearing}}},
  timestamp = {2017-10-31T21:15:09Z},
  booktitle = {Proceedings of the 33rd {{Annual ACM Conference}} on {{Human Factors}} in {{Computing Systems}}},
  publisher = {{ACM}},
  author = {Jain, Dhruv and Findlater, Leah and Gilkeson, Jamie and Holland, Benjamin and Duraiswami, Ramani and Zotkin, Dmitry and Vogler, Christian and Froehlich, Jon E},
  year = {2015},
  pages = {241--250},
  annote = {Int{\'e}ressant pour les id{\'e}es de HUD pour AR.}
}

@inproceedings{jankowski_survey_2013,
  title = {A Survey of Interaction Techniques for Interactive {{3D}} Environments},
  timestamp = {2017-10-31T21:15:09Z},
  booktitle = {Eurographics 2013-{{STAR}}},
  author = {Jankowski, Jacek and Hachet, Martin},
  year = {2013},
  annote = {[Probl{\`e}me de recherche] Chacun d'entre nous {\'e}volue dans un monde r{\'e}el en 3D, donc nous d{\'e}veloppons des capacit{\'e}s {\`a} naviguer dans un environnement 3D, {\`a} manipuler des objets 3D ou {\`a} interpr{\'e}ter des relations 3D spatiales Cependant, les utilisateurs de syst{\`e}mes 3D vont souvent trouver difficile d'interagir avec ces syst{\`e}mes, souvent car par une mauvaise conception de l'interface utilisateur ou des techniques d'interactions propos{\'e}es. [Solution] Proposer et r{\'e}aliser un {\'e}tat de l'art des interactions bas{\'e}es sur la souris ou le 'touch' utilis{\'e}es dans environnements 3D. Cela permettra aux chercheurs et d{\'e}veloppeurs d'avoir un bon recul du sujet. [M{\'e}thodologie] Peu d{\'e}taill{\'e}... L'{\'e}tat de l'art se r{\'e}alise sur 16 ans (de 1997 {\`a} 2013, prenant la suite du dernier {\'e}tat de l'art du domaine). Les techniques sont classifi{\'e}es en trois cat{\'e}gories : (1) techniques de Navigation, permettant de d{\'e}placer le point de vue de l'utilisateur, (2) techniques de S{\'e}lection et de Manipulation, permetant de choisir un objet et de sp{\'e}cifier sa position, son orientation et ses dimensions, (3) techniques de Contr{\^o}le du Syst{\`e}me, c'est-{\`a}-dire tout communication entre l'utilisateur et le syst{\`e}me ne faisant partis de l'envionnement 3D. Une section est consacr{\'e}e {\`a} l'{\'e}valuation de ces techniques. [R{\'e}sultats] [Limites] [Concepts-cl{\'e}s] [Futurs travaux] [R{\'e}f{\'e}rences centrales] [Notes] Diff{\'e}rence not{\'e}e par les auteurs entre environnements 3D (plus g{\'e}n{\'e}raux, repr{\'e}sentation d'un espace r{\'e}el ou imaginaire dans lequel l'utilisateur peut naviguer et peut interagir en temps r{\'e}el avec des objets), et environnements immersifs (envrionnements 3D immersifs apportant aux utilisateurs un sentiment de pr{\'e}sence dans l'espace repr{\'e}sent{\'e}).}
}

@inproceedings{jansen_evaluating_2013,
  title = {Evaluating the Efficiency of Physical Visualizations},
  timestamp = {2017-10-31T21:15:09Z},
  booktitle = {Proceedings of the {{SIGCHI Conference}} on {{Human Factors}} in {{Computing Systems}}},
  publisher = {{ACM}},
  author = {Jansen, Yvonne and Dragicevic, Pierre and Fekete, Jean-Daniel},
  year = {2013},
  pages = {2593--2602},
  annote = {[Probl{\`e}me de recherche] Une visualisation consiste {\`a} traduire un ensemble de donn{\'e}es selon certaines variables ("visual mapping" : couleur, taille, posisiton, ...) pour l'afficher. Cet affichage se r{\'e}alise selon une modalit{\'e} ("modality"), c-{\`a}-d. selon un support : par exemple, traduit en un objet physique ("physical-modality"), ou affich{\'e} sur un {\'e}cran ("on-screen modality"). Chaque modalit{\'e} a ses caract{\'e}ristiques, et un affichage en 3D est plus probl{\'e}matique sur un {\'e}cran que une traduction en un objet physique (probl{\`e}mes de distorsion, d'occlusion, et de navigation). Une modalit{\'e} peut-{\^e}tre hybride : par exemple en utilisant des contr{\^o}leurs physiques pour interragir avec une visualisation sur un {\'e}cran. Or les modalit{\'e}s physiques et d'{\'e}cran n'ont jamais {\'e}t{\'e} formellement compar{\'e}es pour des visualisations 3D. [Solution] R{\'e}aliser une exp{\'e}rience contr{\^o}l{\'e}e pour comparer des visualisations 3D identiques entre une modalit{\'e} physique et une modalit{\'e} sur {\'e}cran. [M{\'e}thodologie] 1 m{\^e}me lot de donn{\'e}es sur des donn{\'e}es de 10 pays sur 10 ans sur 16 indicateurs, traduit en 3D bar-chart. 3 t{\^a}ches : (i) t{\^a}che de plage : indiquer la plage de valeur pour un pays et un indicateur, (ii) t{\^a}che d'ordre : ranger par ordre d{\'e}croissant les valeurs pour un pays et un indicateur, (iii) tache de comparaison : parmi trois paires pays/ann{\'e}es pour un indicateur, d{\'e}terminer la paire avec la valeur la plus basse. 3 techniques : (i) condition de contr{\^o}le affichage en 2D sur l'{\'e}cran, (ii) bar-chart 3D sur {\'e}cran, (iii) bar-chart 3D physique, (iv) bar-chart 3D sur {\'e}cran avec st{\'e}r{\'e}oscopie. Les (ii) et (iii) sont identiques. 2 mesures : temps d'ex{\'e}cution de la t{\^a}che, et taux d'erreur. [R{\'e}sultats] Exp{\'e}rience 1. Pas de diff{\'e}rences entre sur le taux d'erreur entre les techniques. Pas de preuves que la st{\'e}ro permet d'{\^e}tre plus rapide qu'avec la mono. (iii) physique plus rapide que (ii) {\'e}cran-3D, mais {\'e}cran-2D le plus significativement rapide. Utilisateurs ont aussi pr{\'e}f{\'e}r{\'e}. Exp{\'e}rience 2 : c'est le pouvoir toucher (pas retour tactile, action de poser ses doigts sur la forme et 'marquer' des donn{\'e}es), et non la rotation directe, qui permet de meilleures performances avec le physique par rapport {\`a} l'{\'e}cran. [Limites] Exp{\'e}rience 1 : la modalit{\'e} {\`a} l'{\'e}cran demande des entr{\'e}es indirectes avec l'usage de souris, alors que la modalit{\'e} physique est une entr{\'e}e directe. [Concepts-cl{\'e}s] Physical visualization; evaluation; 3D visualization. [Futurs travaux] Tester sur d'autres visualisation que les bar-charts. {\'E}tudier d'autres modalit{\'e}s. {\'E}tudier avec d'autres t{\^a}ches, un peu plus haut-niveau. Comment designer la traduction des donn{\'e}es en modalit{\'e} physique ?, explorer les crit{\`e}res. [R{\'e}f{\'e}rences centrales]}
}

@inproceedings{jones_illumiroom:_2013,
  title = {{{IllumiRoom}}: Peripheral Projected Illusions for Interactive Experiences},
  timestamp = {2017-10-31T21:15:09Z},
  booktitle = {Proceedings of the {{SIGCHI Conference}} on {{Human Factors}} in {{Computing Systems}}},
  publisher = {{ACM}},
  author = {Jones, Brett R and Benko, Hrvoje and Ofek, Eyal and Wilson, Andrew D},
  year = {2013},
  keywords = {rank4,relevant},
  pages = {869--878},
  annote = {[Probl{\`e}me de recherche] La qualit{\'e} audio et video de la TV a augment{\'e} au fil des ann{\'e}es, mais l'exp{\'e}rience reste limit{\'e} au monde virtuel contenu dans l'{\'e}cran : l'environnement de l'utilisateur n'est pas utilis{\'e}. [Solution] Investiguer via un prototype, IllumiRoom, comment augmenter l'exp{\'e}rience visuelle de la TV, en utilisant un projecteur qui change l'apparence de la p{\'e}riph{\'e}rie autour de la TV (Focus+context appliqu{\'e} {\`a} la TV) : le contenu affich{\'e} est de plus basse r{\'e}solution car il est vu par la vision p{\'e}riph{\'e}rique de l'utilisateur. La g{\'e}om{\'e}trie de la pi{\`e}ce est captur{\'e}e pour r{\'e}aliser de meilleurs visuels. Ces visualisations sont appell{\'e}es \guillemotleft{} peripheral projected illusions \guillemotright. [M{\'e}thodologie] Le syst{\`e}me est r{\'e}alis{\'e}, comme preuve du concept. 11 visualisations sont impl{\'e}ment{\'e}es sur le syst{\`e}me pour explorer les dimension de conception de l'espace p{\'e}riph{\'e}rique visuel de la TV. Ces dimensions sont ensuite analys{\'e}es. Puis des tests informels de retours des visualisations sont fait aupr{\`e}s de joueurs (10 personnes, {\'e}valution des forces et faiblesses et de leur confort avec chaque visualisation + classement selon les dimensions trouv{\'e}es) et de game designers (5 personnes x 3 {\'e}quipes). [R{\'e}sultats] 11 illusions ont {\'e}t{\'e} cr{\'e}{\'e}es : - 4 variantes de Focus+Context : F+C Full (le contexte s'affiche tout autour de la TV), F+C Edges (le contexte est tr{\`e}s contrast{\'e} et n'affiche que les bords du contenu), F+C Segmented (le contenu n'est affich{\'e} que sur les murs et pas les objets autour de la TV), F+C Selective (seul certains {\'e}l{\'e}ments du contenu sont affich{\'e}s). - 2 variantes \guillemotleft{} peripherical flow \guillemotright{} : Grid (une grille tout autour de la TV retranscrit les mouvements du joueur), Starfield (des {\'e}toiles tout autour de la TV qui retranscrivent les mouvements du joueur). - 2 apparences : augmentation de couleurs (ex : look cartoon, look noir et blanc) et modification de la lumi{\`e}re (assombrir ou {\'e}claircir des zones, ex : pour adapter au th{\`e}me ou {\`a} l'ambiance du contenu). - 2 Interactions physiques : Bounce (un objet quitte l'{\'e}cran pour rebondir dans la p{\'e}riph{\'e}rie sur les objets du salon), Snow (de la neige tombe de la p{\'e}riph{\'e}rie pour aller tapisser le sol de blanc). L'espace de conception pr{\'e}sente trois facteurs pour concevoir une illusion : - Le but de l'illusion : introduire du mouvement, donner des informations ou du contenu suppl{\'e}mentaire, cr{\'e}er une atmosph{\`e}re, autres m{\'e}chaniques r{\'e}el-virtuel. - La connection du virtuel avec le r{\'e}el : soit en annulant le r{\'e}el et ainsi immerger dans le virtuel (ex : F+C Full, F+C Edges, Grid, Starfield), soit en incluant le virtuel dans le r{\'e}el (ex : F+C Seg, F+C Sel, Bounce, Snow), soit en augmentant le r{\'e}el r{\'e}duisant la fronti{\`e}re entre r{\'e}el et virtuel (Appearance, Lighting, Radial Wobble). - Le niveau d'abstraction : ind{\'e}pendant du contenu, ou d{\'e}pendant. Une {\'e}valution a {\'e}t{\'e} faite : Le niveau de naus{\'e}e des visualisations semble normal. Les effects F+C ont {\'e}t{\'e} appr{\'e}ci{\'e}s et trouv{\'e}s utiles mais parfois trop envahisants (si trop d'{\'e}v{\'e}nements). F+C Selective et F+C Segmented sont plus {\'e}quilibr{\'e}s entre contenu et confort. Les \guillemotleft{} peripherical flow \guillemotright{} donnent mieux que les F+C l'effet de mouvement mais sont trop d{\'e}connect{\'e}s du contenu. Idem pour les apparences qui r{\'e}ussissent {\`a} donner de l'atmosph{\`e}re mais sont d{\'e}connect{\'e}es. Les designers ont trouv{\'e}s les F+C impressionants mais probablement de trop {\`a} utiliser dans la dur{\'e}e. Les effets les plus prometteurs sont ceux alt{\'e}rant l'atmosph{\`e}re ou l'humeur ou les effets selon un {\'e}v{\'e}nement (F+C Selective, F+C Segmented, Bounce0. Autre probl{\'e}matique des effets li{\'e}s au contenu, si un l{\'e}ger d{\'e}calage arrive, cela peut casser l'illusion. Donc les effets ind{\'e}pendants sont peut-{\^e}tre mieux {\`a} utiliser. En tout cas enthousiasme pour le concept. [Limites] Exploration du concept fait seulement pour des jeux-vid{\'e}os. Am{\'e}liorer les visualisation de modification de couleurs avec des textures plus complexes que de simples couleurs. Il faudrait explorer plus en d{\'e}tail le niveau de naus{\'e}e des visualisations et le comparer {\`a} un jeu normal en st{\'e}r{\'e}o ou {\`a} un simulateur. [Concepts-cl{\'e}s] Spatial augmented reality; projection mapping; gaming; immersion; apparent motion; augmented reality. [Futurs travaux] Il faudrait explorer le concept pour les films ou du contenu t{\'e}l{\'e}vis{\'e} : comment associer la nature fixe du cadre d'un film avec la variabilit{\'e} des environnements autour d'une TV ? Les effets pourraient {\^e}tre li{\'e}s pas forc{\'e}ment {\`a} du contenu visuel, par exemple du contenu audio : {\`a} explorer. Enfin, il faudrait comparer {\`a} la TV seule dans une exp{\'e}rience plus formelle. [R{\'e}f{\'e}rences centrales] [1] Aides, A., Avraham, T., and Schechner, Y.Y. Multiscale Ultrawide Foveated Video Extrapolation. IEEE ICCP, (2011). [8] Oliver Bimber , Ramesh Raskar, Spatial Augmented Reality: Merging Real and Virtual Worlds, A. K. Peters, Ltd., Natick, MA, 2005 [9] Andy Cockburn , Amy Karlson , Benjamin B. Bederson, A review of overview+detail, zooming, and focus+context interfaces, ACM Computing Surveys (CSUR), v.41 n.1, p.1-31, December 2008 [19] Novy, D. and Jr., V.M.B. Infinity-by-nine. http://obm.media.mit.edu/, (2012). [28] Desney S. Tan , Darren Gergle , Peter Scupelli , Randy Pausch, With similar visual angles, larger displays improve spatial performance, Proceedings of the SIGCHI Conference on Human Factors in Computing Systems, April 05-10, 2003, Ft. Lauderdale, Florida, USA}
}

@inproceedings{jones_around_2012,
  title = {Around Device Interaction for Multiscale Navigation},
  timestamp = {2017-10-31T21:15:10Z},
  booktitle = {Proceedings of the 14th International Conference on {{Human}}-Computer Interaction with Mobile Devices and Services},
  publisher = {{ACM}},
  author = {Jones, Brett and Sodhi, Rajinder and Forsyth, David and Bailey, Brian and Maciocci, Giuliano},
  year = {2012},
  keywords = {relevant},
  pages = {83--92},
  annote = {[Probl{\`e}me de recherche] Le petit {\'e}cran des smartphones posent plusieurs pbs. Il est difficile de naviguer dans de larges espaces de donn{\'e}es, comme explorer une carte, voir une image, naviguer dans les icones d'applications, lire un article ou jouer {\`a} un jeu. Ainsi un petit {\'e}cran fait faire des petits gestes r{\'e}p{\'e}titifs. De plus, dans les espaces multi-{\'e}chelles, un utilisateur va devoir souvent switcher entre zommer sur les donn{\'e}es (zooming) et prendre une vue panoramique (panning). Enfin, l'{\'e}cran {\'e}tant tactile, la msin de l'utilisateur cr{\'e}e de l'occlusion. [Solution] [M{\'e}thodologie] [R{\'e}sultats] [Limites] [Concepts-cl{\'e}s] [Futurs travaux] [R{\'e}f{\'e}rences centrales]}
}

@inproceedings{kane_bonfire:_2009,
  title = {Bonfire: A Nomadic System for Hybrid Laptop-Tabletop Interaction},
  timestamp = {2017-10-31T21:15:10Z},
  booktitle = {Proceedings of the 22nd Annual {{ACM}} Symposium on {{User}} Interface Software and Technology},
  publisher = {{ACM}},
  author = {Kane, Shaun K and Avrahami, Daniel and Wobbrock, Jacob O and Harrison, Beverly and Rea, Adam D and Philipose, Matthai and LaMarca, Anthony},
  year = {2009},
  pages = {129--138}
}

@inproceedings{keijser_exploring_2007,
  title = {Exploring {{3D}} Interaction in Alternate Control-Display Space Mappings},
  timestamp = {2017-10-31T21:15:10Z},
  booktitle = {{{3D User Interfaces}}, 2007. {{3DUI}}'07. {{IEEE Symposium}} On},
  publisher = {{IEEE}},
  author = {Keijser, Jeroen and Carpendale, Sheelagh and Hancock, Mark and Isenberg, Tobias},
  year = {2007}
}

@article{kim_body-based_2004,
  title = {Body-Based Interfaces},
  volume = {35},
  timestamp = {2017-10-31T21:15:10Z},
  number = {3},
  journal = {Applied Ergonomics},
  author = {Kim, Gerard J and Han, Sung H and Yang, Huichul and Cho, Changseok},
  year = {2004},
  pages = {263--274}
}

@article{kim_model_2010,
  title = {A Model of Head Movement Contribution for Gaze Transitions},
  volume = {53},
  timestamp = {2017-10-31T21:15:10Z},
  number = {4},
  journal = {Ergonomics},
  author = {Kim, K Han and Reed, Matthew P and Martin, Bernard J},
  year = {2010},
  keywords = {relevant},
  pages = {447--457},
  annote = {[Probl{\`e}me de recherche] Quelle est la proportion de mouvement de la t{\^e}te vs. le mouvement des yeux pour regarder une cible, nomm{\'e} \guillemotleft{} head movement contribution ratio (HMCR) \guillemotright{} ? [Solution] Mesurer les mouvements de t{\^e}tes vs le degr{\'e} horizontal et/ou vertical de la cible par rapport au sujet. [M{\'e}thodologie] 10 personnes (5 femmes) de 22,3+-1,8 ans avec une vision 20/20. Les positions possibles {\`a} l'horizontale : 0$^\circ$, 20$^\circ$, 45$^\circ$, 90$^\circ$ ; et les positions {\`a} la verticale : -25$^\circ$, 0$^\circ$, 25$^\circ$. [R{\'e}sultats] HMCR est de 69\% {\`a} l'horizontale, de 52\% au dessus de la t{\^e}te, et 8\% en dessous. [Limites] [Concepts-cl{\'e}s] [Futurs travaux] [R{\'e}f{\'e}rences centrales]}
}

@inproceedings{kishishita_analysing_2014,
  title = {Analysing the Effects of a Wide Field of View Augmented Reality Display on Search Performance in Divided Attention Tasks},
  timestamp = {2017-10-31T21:15:10Z},
  booktitle = {Mixed and {{Augmented Reality}} ({{ISMAR}}), 2014 {{IEEE International Symposium}} On},
  publisher = {{IEEE}},
  author = {Kishishita, Naohiro and Kiyokawa, Kiyoshi and Orlosky, Jason and Mashita, Tomohiro and Takemura, Hiroshi and Kruijff, Ernst},
  year = {2014},
  keywords = {relevant},
  pages = {177--186},
  annote = {[Probl{\`e}me de recherche] R{\'e}aliser un grand FoV est toujours un probl{\`e}me en RA, et peu d'exp{\'e}rimentations ont {\'e}t{\'e} faites pour comprendre son lien avec la perception de contenu virtuel. Car un humain se sert de sa vision p{\'e}riph{\'e}rique, donc avec un grand FoV, les performances en RA devraient {\^e}tre meilleures ? Cet article cherche {\`a} comprendre comment les grand FoV affectent la perception du contenu virtuel en RA. Et ainsi pouvoir faie des recommendations sur la conception d'interfaces utilisateurs. Ce travail a {\'e}t{\'e} fait en RV, mais il reste {\`a} savoir si les r{\'e}sultats obtenus sont les m{\^e}me en RA. [Solution] Conduire une {\'e}tude sur les performances de recherche de contenu virtuel en RA. Est {\'e}galement mesur{\'e} l'attention et les efforts mentaux pour r{\'e}aliser la t{\^a}che. Les participants, v{\'e}tus d'un HMD, devront, tout en r{\'e}solvant un puzzle (tache de concentration), chercher des cibles en dehors de leur FoV (tache d'attention). [M{\'e}thodologie] Deux m{\'e}thodes d'{\'e}tiquetage des objets d'attention sont utilis{\'e}es : in-situ (o{\`u} labels sur les objets), et in-view (le label vient dans le FOV et indique la direction de l'objet). Quatre FOV sont test{\'e}s : 6 x 20.3, 54 x 30.4, 81 x 45.6, et 100 x 45.6 degr{\'e}s. Donc 2x4=8 conditions. La tache de concentration est la r{\'e}solution d'un sudoku sur un pc portable {\`a} 50 cm des participants. Les objets d'attentions sont affich{\'e}s de -90 {\`a} 90 degr{\'e}s {\`a} l'horizontal, avec 20 degr{\'e}s minimum (le degr{\'e} 0 est le centre du pc). [R{\'e}sultats] Quand le FOV augmente, le taux d'annotations trouv{\'e}es baisse en in-view, mais augmente en in-situ. plus l'annotation est {\'e}loign{\'e}e, moins elle est remarqu{\'e}e. Les taux entre les deux m{\'e}thodes semblent converger {\`a} 130$^\circ$. Le FOV n'affecte pas les temps de r{\'e}ponses pour trouver les annotations en in-view, mais quand il grandis, am{\'e}liore significativement les temps en in-situ. Il y a une corr{\'e}lation forte entre le temps de r{\'e}ponse et le taux de r{\'e}ponse (R=-.9). Mais il n'y a aucune interaction entre l'angle de l'annotation et le temps de r{\'e}ponse. La tache de focus {\'e}taient r{\'e}solue significativement plus rapidement avec le in-situ, mais aucune interaction avec le FOV. Le in-situ fait faire des rotations plus lentes e la t{\^e}te que le in-view (car recherche de la cible ?). In-view significativement sentis comme plus facile par les utilisateur pour trouver les annotations mais plus difficile pour se concentrer sur la tache de focus. Cependant l'effort mental n'est pas li{\'e} {\`a} la taille du FOV. [Limites] La tache {\'e}tait tr{\`e}s simple, donc les r{\'e}sultats sur l'effort mental ne sont peut-{\^e}tre pas bon, il faudrait le refaire avec une tache d'attention plus complexe. Il serait int{\'e}ressant de mesurer les mouvements des yeux. L'exp{\'e}rimentation a {\'e}t{\'e} faite dans une position stationnaire, il faudrait la refaire dans une situation mobile (donc plus dynamique). [Concepts-cl{\'e}s] Augmented reality, see-through head-mounted displays, peripheral visual field, information display methods. [Futurs travaux] [R{\'e}f{\'e}rences centrales] [4] E. Kruijff, J. E. Swan and S. Feiner, "Perceptual issues in augmented reality revisited", Proceedings of the 9th IEEE International Symposium on Mixed and Augmented Reality (lSMAR), pp. 3-12 [5] N. Kishishita, J. Orlosky, T. Mashita, K. Kiyokawa and H. Takemura, "Investigation on the peripheral visual field for information display with real and virtual wide field-of-view see-through HMDs", Proceedings of the IEEE Symposium on 3D User Interfaces, pp. 143-144 [11] K. W. Arthur, "Effects of Field of View on Performance with Head-Mounted Displays", 2000 [15] R. Ball and C. North, "The effects of peripheral vision and physical navigation on large scale visualization", Proceedings of Graphics Interfaces (GI), pp. 9-16}
}

@inproceedings{koelle_dont_2015,
  title = {Don't Look at Me That Way!: {{Understanding User Attitudes Towards Data Glasses Usage}}},
  timestamp = {2017-10-31T21:15:10Z},
  booktitle = {Proceedings of the 17th {{International Conference}} on {{Human}}-{{Computer Interaction}} with {{Mobile Devices}} and {{Services}}},
  publisher = {{ACM}},
  author = {Koelle, Marion and Kranz, Matthias and M{\"o}ller, Andreas},
  year = {2015},
  keywords = {relevant},
  pages = {362--372},
  annote = {[Probl{\`e}me de recherche] [Solution] [M{\'e}thodologie] [R{\'e}sultats] [Limites] [Concepts-cl{\'e}s] [Futurs travaux] [R{\'e}f{\'e}rences centrales]}
}

@unpublished{krs_sculpting_2014,
  title = {Sculpting in {{Virtual Reality}}},
  timestamp = {2017-10-31T21:15:10Z},
  author = {Krs, Vojt{\v e}ch},
  year = {\#may\# 2014},
  keywords = {rank3}
}

@inproceedings{kulshreshth_exploring_2015,
  title = {Exploring {{3D}} User Interface Technologies for Improving the Gaming Experience},
  timestamp = {2017-10-31T21:15:10Z},
  booktitle = {Proceedings of the 33rd {{Annual ACM Conference}} on {{Human Factors}} in {{Computing Systems}}},
  publisher = {{ACM}},
  author = {Kulshreshth, Arun and LaViola Jr, Joseph J},
  year = {2015},
  pages = {125--134},
  annote = {Le Head-Tracking + stereo 3D est b{\'e}n{\'e}fique pour les jeux.}
}

@inproceedings{lauber_content_2015,
  title = {Content {{Destabilization}} for {{Head}}-{{Mounted Displays}}},
  timestamp = {2017-10-31T21:15:10Z},
  booktitle = {Proceedings of the 33rd {{Annual ACM Conference}} on {{Human Factors}} in {{Computing Systems}}},
  publisher = {{ACM}},
  author = {Lauber, Felix and Cook, Sophia and Butz, Andreas},
  year = {2015},
  pages = {2139--2142}
}

@article{lee_using_2013,
  title = {Using a {{HHD}} with a {{HMD}} for {{Mobile AR Interaction}}},
  timestamp = {2017-10-31T21:15:10Z},
  author = {Lee, G and Budhiraja, R and Billinghurst, M},
  year = {2013}
}

@inproceedings{li_virtual_2009,
  title = {Virtual Shelves: Interactions with Orientation Aware Devices},
  timestamp = {2017-10-31T21:15:10Z},
  booktitle = {Proceedings of the 22nd Annual {{ACM}} Symposium on {{User}} Interface Software and Technology},
  publisher = {{ACM}},
  author = {Li, Frank Chun Yat and Dearman, David and Truong, Khai N},
  year = {2009},
  pages = {125--128}
}

@inproceedings{lindeman_hand-held_1999,
  title = {Hand-Held Windows: Towards Effective {{2D}} Interaction in Immersive Virtual Environments},
  timestamp = {2017-10-31T21:15:10Z},
  booktitle = {Virtual {{Reality}}, 1999. {{Proceedings}}., {{IEEE}}},
  publisher = {{IEEE}},
  author = {Lindeman, Robert W and Sibert, John L and Hahn, James K},
  year = {1999},
  pages = {205--212}
}

@inproceedings{liu_effects_2014,
  title = {Effects of Display Size and Navigation Type on a Classification Task},
  timestamp = {2017-10-31T21:15:10Z},
  booktitle = {Proceedings of the {{SIGCHI Conference}} on {{Human Factors}} in {{Computing Systems}}},
  publisher = {{ACM}},
  author = {Liu, Can and Chapuis, Olivier and Beaudouin-Lafon, Michel and Lecolinet, Eric and Mackay, Wendy E},
  year = {2014},
  keywords = {relevant},
  pages = {4147--4156},
  annote = {[Probl{\`e}me de recherche] Les affichages d'{\'e}cran de la taile d'un mur se font de plus en plus pr{\'e}sent. Une question g{\'e}n{\'e}rale existe alors : est-ce que les connaissances sur les {\'e}crans de taille d'un ordinateur s'appliquent {\`a} ces nouveaux {\'e}crans ? Ces nouveaux {\'e}crans ont la m{\^e}me haute densit{\'e} que les {\'e}crans de bureau, mais leur r{\'e}solution est g{\'e}n{\'e}ralement 10 fois {\'e}lev{\'e}e en nombre de pixels : un utilisateur doit donc s'approcher physiquement pour pouvoir voir le d{\'e}tail et reculer pour avoir une vue d'ensemble. [Solution] [M{\'e}thodologie] [R{\'e}sultats] [Limites] [Concepts-cl{\'e}s] [Futurs travaux] [R{\'e}f{\'e}rences centrales]}
}

@inproceedings{liu_chi_2014,
  title = {{{CHI}} 1994-2013: {{Mapping}} Two Decades of Intellectual Progress through Co-Word Analysis},
  timestamp = {2017-10-31T21:15:10Z},
  booktitle = {Proceedings of the 32nd Annual {{ACM}} Conference on {{Human}} Factors in Computing Systems},
  publisher = {{ACM}},
  author = {Liu, Yong and Goncalves, Jorge and Ferreira, Denzil and Xiao, Bei and Hosio, Simo and Kostakos, Vassilis},
  year = {2014},
  pages = {3553--3562}
}

@article{malone_how_1983,
  title = {How Do People Organize Their Desks?: {{Implications}} for the Design of Office Information Systems},
  volume = {1},
  timestamp = {2017-10-31T21:15:10Z},
  number = {1},
  journal = {ACM Transactions on Information Systems (TOIS)},
  author = {Malone, Thomas W},
  year = {1983},
  keywords = {rank4},
  pages = {99--112}
}

@inproceedings{martinez_plasencia_mistable:_2014,
  title = {{{MisTable}}: Reach-through Personal Screens for Tabletops},
  timestamp = {2017-10-31T21:15:10Z},
  booktitle = {Proceedings of the 32nd Annual {{ACM}} Conference on {{Human}} Factors in Computing Systems},
  publisher = {{ACM}},
  author = {Martinez Plasencia, Diego and Joyce, Edward and Subramanian, Sriram},
  year = {2014},
  pages = {3493--3502}
}

@phdthesis{mcguffin_fitts_2002,
  title = {Fitts' Law and Expanding Targets: {{An}} Experimental Study, and Applications to User Interface Design},
  timestamp = {2017-10-31T21:15:10Z},
  school = {University of Toronto},
  author = {MCGuffin, Michael Johnd},
  year = {2002}
}

@article{mehra_navigating_2006,
  title = {Navigating on Handheld Displays: {{Dynamic}} versus Static Peephole Navigation},
  volume = {13},
  timestamp = {2017-10-31T21:15:10Z},
  number = {4},
  journal = {ACM Transactions on Computer-Human Interaction (TOCHI)},
  author = {Mehra, Sumit and Werkhoven, Peter and Worring, Marcel},
  year = {2006},
  keywords = {relevant},
  pages = {448--457}
}

@article{milgram_taxonomy_1994,
  title = {A Taxonomy of Mixed Reality Visual Displays},
  volume = {77},
  timestamp = {2017-10-31T21:15:10Z},
  number = {12},
  journal = {IEICE TRANSACTIONS on Information and Systems},
  author = {Milgram, Paul and Kishino, Fumio},
  year = {1994},
  keywords = {rank4,relevant},
  pages = {1321--1329}
}

@article{millette_dualcad:_2016,
  title = {{{DualCAD}}: {{Integrating Augmented Reality}} and a {{Desktop GUI}} for {{Computer Aided Design}} ({{CAD}})},
  timestamp = {2017-10-31T21:15:10Z},
  author = {Millette, Alexandre},
  year = {2016}
}

@inproceedings{mine_moving_1997,
  title = {Moving Objects in Space: Exploiting Proprioception in Virtual-Environment Interaction},
  timestamp = {2017-10-31T21:15:10Z},
  booktitle = {Proceedings of the 24th Annual Conference on {{Computer}} Graphics and Interactive Techniques},
  publisher = {{ACM Press/Addison-Wesley Publishing Co.}},
  author = {Mine, Mark R and Brooks Jr, Frederick P and Sequin, Carlo H},
  year = {1997},
  pages = {19--26}
}

@inproceedings{mine_making_2014,
  title = {Making {{VR}} Work: Building a Real-World Immersive Modeling Application in the Virtual World},
  timestamp = {2017-10-31T21:15:10Z},
  booktitle = {Proceedings of the 2nd {{ACM}} Symposium on {{Spatial}} User Interaction},
  publisher = {{ACM}},
  author = {Mine, Mark and Yoganandan, Arun and Coffey, Dane},
  year = {2014},
  pages = {80--89}
}

@book{office_quebecois_de_la_langue_francaise_realite_2015,
  title = {R{\'e}alit{\'e} Augment{\'e}e},
  timestamp = {2017-10-31T21:15:10Z},
  publisher = {{Le grand dictionnaire terminologique}},
  author = {{Office qu{\'e}b{\'e}cois de la langue fran{\c c}aise}},
  year = {2015},
  note = {Published: En ligne.},
  annote = {Consult{\'e} le 21 avril 2015}
}

@article{oviatt_multimodal_2003,
  title = {Multimodal Interfaces},
  volume = {14},
  timestamp = {2017-10-31T21:15:10Z},
  journal = {The human-computer interaction handbook: Fundamentals, evolving technologies and emerging applications},
  author = {Oviatt, Sharon},
  year = {2003},
  keywords = {relevant},
  pages = {286--304},
  annote = {[Notes] Interface mutlimodale vs GUI : une interface multimodale va capturer des entr{\'e}es en continu et en simultan{\'e}, et va devoir analyser et reconnaitre des commandes ({\`a} l'aide de probabilit{\'e}s). Cela peut demander beaucoup de ressources et recqu{\'e}rir {\`a} distribuer l'algorithme de reconnaissance (reconnaissance de la voix envoy{\'e}e {\`a} un serveur).}
}

@article{patterson_perceptual_2006,
  title = {Perceptual Issues in the Use of Head-Mounted Visual Displays},
  volume = {48},
  timestamp = {2017-10-31T21:15:10Z},
  number = {3},
  journal = {Human Factors: The Journal of the Human Factors and Ergonomics Society},
  author = {Patterson, Robert and Winterbottom, Marc D and Pierce, Byron J},
  year = {2006},
  pages = {555--573}
}

@inproceedings{perrault_physical_2015,
  title = {Physical {{Loci}}: {{Leveraging Spatial}}, {{Object}} and {{Semantic Memory}} for {{Command Selection}}},
  timestamp = {2017-10-31T21:15:10Z},
  booktitle = {Proceedings of the 33rd {{Annual ACM Conference}} on {{Human Factors}} in {{Computing Systems}}},
  publisher = {{ACM}},
  author = {Perrault, Simon T and Lecolinet, Eric and Bourse, Yoann Pascal and Zhao, Shengdong and Guiard, Yves},
  year = {2015},
  pages = {299--308},
  annote = {Appuye le bureau de travail tangible.}
}

@inproceedings{pfeuffer_gaze-touch:_2014,
  title = {Gaze-Touch: Combining Gaze with Multi-Touch for Interaction on the Same Surface},
  timestamp = {2017-10-31T21:15:10Z},
  booktitle = {Proceedings of the 27th Annual {{ACM}} Symposium on {{User}} Interface Software and Technology},
  publisher = {{ACM}},
  author = {Pfeuffer, Ken and Alexander, Jason and Chong, Ming Ki and Gellersen, Hans},
  year = {2014},
  pages = {509--518}
}

@inproceedings{pfeuffer_gaze-shifting:_2015,
  title = {Gaze-{{Shifting}}: {{Direct}}-{{Indirect Input}} with {{Pen}} and {{Touch Modulated}} by {{Gaze}}},
  timestamp = {2017-10-31T21:15:10Z},
  booktitle = {Proceedings of the 28th {{Annual ACM Symposium}} on {{User Interface Software}} \& {{Technology}}},
  publisher = {{ACM}},
  author = {Pfeuffer, Ken and Alexander, Jason and Chong, Ming Ki and Zhang, Yanxia and Gellersen, Hans},
  year = {2015},
  keywords = {relevant},
  pages = {373--383}
}

@inproceedings{quigley_perceptual_2015,
  title = {Perceptual and Social Challenges in Body Proximate Display Ecosystems},
  timestamp = {2017-10-31T21:15:10Z},
  booktitle = {Proceedings of the 17th {{International Conference}} on {{Human}}-{{Computer Interaction}} with {{Mobile Devices}} and {{Services Adjunct}}},
  publisher = {{ACM}},
  author = {Quigley, Aaron and Grubert, Jens},
  year = {2015},
  keywords = {rank3},
  pages = {1168--1174}
}

@inproceedings{radle_huddlelamp:_2014,
  title = {{{HuddleLamp}}: {{Spatially}}-Aware Mobile Displays for Ad-Hoc around-the-Table Collaboration},
  timestamp = {2017-10-31T21:15:10Z},
  booktitle = {Proceedings of the {{Ninth ACM International Conference}} on {{Interactive Tabletops}} and {{Surfaces}}},
  publisher = {{ACM}},
  author = {R{\"a}dle, Roman and Jetter, Hans-Christian and Marquardt, Nicolai and Reiterer, Harald and Rogers, Yvonne},
  year = {2014},
  pages = {45--54}
}

@inproceedings{radle_bigger_2014,
  title = {Bigger Is Not Always Better: Display Size, Performance, and Task Load during Peephole Map Navigation},
  timestamp = {2017-10-31T21:15:10Z},
  booktitle = {Proceedings of the {{SIGCHI Conference}} on {{Human Factors}} in {{Computing Systems}}},
  publisher = {{ACM}},
  author = {R{\"a}dle, Roman and Jetter, Hans-Christian and M{\"u}ller, Jens and Reiterer, Harald},
  year = {2014},
  keywords = {relevant},
  pages = {4127--4136}
}

@inproceedings{rashid_cost_2012,
  title = {The Cost of Display Switching: A Comparison of Mobile, Large Display and Hybrid {{UI}} Configurations},
  timestamp = {2017-10-31T21:15:10Z},
  booktitle = {Proceedings of the {{International Working Conference}} on {{Advanced Visual Interfaces}}},
  publisher = {{ACM}},
  author = {Rashid, Umar and Nacenta, Miguel A and Quigley, Aaron},
  year = {2012},
  keywords = {relevant},
  pages = {99--106},
  annote = {[Probl{\`e}me de recherche] Des milliards de personnes utilisent des appareils mobiles pour de nombreuses applications importantes et quotidiennes. Cependant ces appareils ont le d{\'e}faut d'avoir de petits {\'e}crans, donc ne permettent d'acc{\'e}der et de manipuler qu'un petit nombre d'informations {\`a} la fois. On peut compl{\'e}ter l'affichage de l'appareil mobile avec un affichage plus large pr{\'e}sent dans l'environnement de l'utilisateur, les interactions pouvrant toujours se faire sur le mobile, la technologie le permettant. Cependant il est n'est pas connu si cela sera un avantage, ou si cela introduit trop de nouveaux probl{\`e}mes. [Solution] R{\'e}aliser une s{\'e}rie d'exp{\'e}rimentations pour d{\'e}terminer quelle(s) configuration(s) (mobile seul, {\'e}cran contr{\^o}l{\'e} par le mobile, hybride) est(sont) int{\'e}ressante(s) sur quelle tache(s) (carte, texte et recherche de photo). [M{\'e}thodologie] [R{\'e}sultats] Distribuer les affichages cause de moins bonnes performances {\`a} cause des mouvements de regards n{\'e}cessaires. La meilleur configuration est celle de l'affichage sur le grand {\'e}cran, contr{\^o}l{\'e} pas le mobile (meilleure performance, le plus pr{\'e}f{\'e}r{\'e} et r{\'e}duit l'effort per{\c c}u). Les taches en b{\'e}n{\'e}ficiant le plus sont celles de navigation dans un espace de donn{\'e}es. [Limites] Simplement montr{\'e} empiriquement que c'{\'e}tait int{\'e}ressant de remplacer un {\'e}cran mobile, mais ne donne aucune indications pour designer une telle interface. [Concepts-cl{\'e}s] Distributed user interfaces, multi-display environments, mobile input, text search, photo search, map search. [Futurs travaux] [R{\'e}f{\'e}rences centrales] [10] Dix, A., Sas, C. Mobile Personal Devices Meet Situated Public Displays: Synergies and Opportunities. Int. J. Ubi. Comp., 1, 1 (2010), 11\textendash{}28. [25] Miguel A. Nacenta , Satoshi Sakurai , Tokuo Yamaguchi , Yohei Miki , Yuichi Itoh , Yoshifumi Kitamura , Sriram Subramanian , Carl Gutwin, E-conic: a perspective-aware interface for multi-display environments, Proceedings of the 20th annual ACM symposium on User interface software and technology, October 07-10, 2007, Newport, Rhode Island, USA [31] Tan, D., Czerwinski, M. Effects of visual separation and physical discontinuities when distributing information across multiple displays. Proc. INTERACT (2003), 252\textendash{}255.}
}

@inproceedings{rashid_factors_2012,
  title = {Factors Influencing Visual Attention Switch in Multi-Display User Interfaces: {{A}} Survey},
  timestamp = {2017-10-31T21:15:10Z},
  booktitle = {Proceedings of the 2012 {{International Symposium}} on {{Pervasive Displays}}},
  publisher = {{ACM}},
  author = {Rashid, Umar and Nacenta, Miguel A and Quigley, Aaron},
  year = {2012},
  pages = {1}
}

@inproceedings{rekimoto_world_1995,
  title = {The World through the Computer: {{Computer}} Augmented Interaction with Real World Environments},
  timestamp = {2017-10-31T21:15:10Z},
  booktitle = {Proceedings of the 8th Annual {{ACM}} Symposium on {{User}} Interface and Software Technology},
  publisher = {{ACM}},
  author = {Rekimoto, Jun and Nagao, Katashi},
  year = {1995},
  pages = {29--36}
}

@inproceedings{ringel_when_2003,
  title = {When One Isn't Enough: An Analysis of Virtual Desktop Usage Strategies and Their Implications for Design},
  timestamp = {2017-10-31T21:15:10Z},
  booktitle = {{{CHI}}'03 Extended Abstracts on {{Human}} Factors in Computing Systems},
  publisher = {{ACM}},
  author = {Ringel, Meredith},
  year = {2003},
  keywords = {rank3},
  pages = {762--763},
  annote = {Futures recherches : Quelles types de taches sont meilleurs pour quelle organisation ? Avec des mesures. Quelles strat{\'e}gies sont employ{\'e}es selon quel type de taches par les utilisateurs (donne des implications de design pour supporter ces types de taches) ? Tr{\`e}s cours : analyse rapide des usages de 20 utilisateurs (20-50 ans travaillant avec ordinateur) utilisant de multiples {\'e}crans ou de multiples bureaux virtuels. 5 strat{\'e}gies de partionnement : par taches (un {\'e}cran par t{\^a}che/projet ; 6 utilisateurs), par sous-taches (un {\'e}cran par type de doc dans un projet (programmation, test, doc) ; 9 utilisateurs), principal/secondaire (un {\'e}cran pour le travail, le reste pour des choses moins importantes ; 2 utilisateurs), syst{\`e}mes (un os par {\'e}cran ; 2 utilisateurs), applications (un {\'e}cran par type d'application ; 1 utilisateur). Coh{\'e}rence (comment cette strat{\'e}gie {\'e}volue dans le temps) : 12/20 sont tr{\`e}s coh{\'e}rents, 3 sont coh{\'e}rents pour l'{\'e}cran principal, 1 par projets, 4 pas du tout. pas de diff{\'e}rence multi-{\'e}cran, ou multi-bureaux. Pr{\'e}f{\'e}rences : 7 bureaux virtuels, 8 multi-{\'e}cran, 5 aucun des deux. -$>$ La coh{\'e}rence car utilisateurs s'appuie sur leur m{\'e}moire spatiale pour se souvenir de la position des fen{\^e}tres ? Avantages multi-{\'e}cran : voir plusieurs documents en m{\^e}me temps, ne pas {\^e}tre distrait par les infos du second {\'e}cran (+ productif). Pas de corr{\'e}lation laptop / bureaux virtuels. Implications design : pouvoir grouper les applications par t{\^a}che, le syst{\`e}me doit se rappeller la position des fen{\^e}tres. Probl{\`e}me qu'aucune des deux organisations ne semble se d{\'e}tacher : probl{\`e}me du design qui les englobes tous les deux. D'o{\`u} futures recherches.}
}

@inproceedings{robertson_data_1998,
  title = {Data Mountain: Using Spatial Memory for Document Management},
  timestamp = {2017-10-31T21:15:11Z},
  booktitle = {Proceedings of the 11th Annual {{ACM}} Symposium on {{User}} Interface Software and Technology},
  publisher = {{ACM}},
  author = {Robertson, George and Czerwinski, Mary and Larson, Kevin and Robbins, Daniel C and Thiel, David and Van Dantzich, Maarten},
  year = {1998},
  keywords = {rank4},
  pages = {153--162}
}

@inproceedings{rohmer_interactive_2014,
  title = {Interactive Near-Field Illumination for Photorealistic Augmented Reality on Mobile Devices},
  timestamp = {2017-10-31T21:15:11Z},
  booktitle = {Mixed and {{Augmented Reality}} ({{ISMAR}}), 2014 {{IEEE International Symposium}} On},
  publisher = {{IEEE}},
  author = {Rohmer, Kai and Buschel, Wolfgang and Dachselt, Raimund and Grosch, Thorsten},
  year = {2014},
  pages = {29--38}
}

@article{scarr_supporting_2012,
  title = {Supporting and Exploiting Spatial Memory in User Interfaces},
  volume = {6},
  timestamp = {2017-10-31T21:15:11Z},
  number = {1},
  journal = {Interaction},
  author = {Scarr, Joey and Cockburn, Andy and Gutwin, Carl},
  year = {2012},
  pages = {1--84}
}

@inproceedings{schild_understanding_2012,
  title = {Understanding User Experience in Stereoscopic {{3D}} Games},
  timestamp = {2017-10-31T21:15:11Z},
  booktitle = {Proceedings of the {{SIGCHI Conference}} on {{Human Factors}} in {{Computing Systems}}},
  publisher = {{ACM}},
  author = {Schild, Jonas and LaViola, Joseph and Masuch, Maic},
  year = {2012},
  pages = {89--98}
}

@inproceedings{schinke_visualization_2010,
  title = {Visualization of Off-Screen Objects in Mobile Augmented Reality},
  timestamp = {2017-10-31T21:15:11Z},
  booktitle = {Proceedings of the 12th International Conference on {{Human}} Computer Interaction with Mobile Devices and Services},
  publisher = {{ACM}},
  author = {Schinke, Torben and Henze, Niels and Boll, Susanne},
  year = {2010},
  keywords = {rank2},
  pages = {313--316},
  annote = {Bon : ANOVA. Echantillon {\'e}quilibr{\'e} en genre. Prend {\'e}chantillon dans la rue, pas s{\'e}lectionn{\'e}. Cherche {\`a} comprendre son {\'e}chantillon + Cherche anomalies dans la population pour v{\'e}rifier r{\'e}sultats. (validit{\'e} externe bonne). Mauvais : Les r{\'e}sultats bruts ne sont pas pr{\'e}sent{\'e}s, ni leurs analyses : manque de d{\'e}tails sur les donn{\'e}es et leurs analyses. Les choix d'exp{\'e}rimentation ne sont pas justifi{\'e}s. Les "related work" sont trop courts : manque de contexte. Je doute que les interactions soient correctes : qu'est qui prouve qu'elles sont contr{\^o}l{\'e}es et comparables (validit{\'e} interne floue). Pourquoi ces t{\^a}ches ? Court article. Compare deux interactions en AR mobile pour localiser les objets hors-{\'e}cran : la mini-map et des fl{\`e}ches indiquant la direction des objets. Diff{\'e}rence faites entre habitu{\'e}s et non-habitu{\'e}s {\`a} la VR. Deux t{\^a}ches dans l'exp{\'e}rience. Echantillon pris au hasard dans la rue : 26 personnes. R{\'e}sultats : 1 Pas de diff{\'e}rences significatives entre les deux intractions {\`a} l'utilisation, mais diff{\'e}rence dans la carte mentale des objets (pour les fl{\`e}ches vs la mini-map) en temps et en pr{\'e}cision. 2 Les deux sont per{\c c}us comme antant intuitifs l'un que l'autre. 3 Il n'y a pas de diff{\'e}rence significative globale dans les deux t{\^a}ches. 4 Les femmes sont plus pr{\'e}cises mais plus lentes. Mais les hommes ont en moyenne dit {\^e}tre plus familier et performants avec ces syst{\`e}mes que les femmes. 5 Contradictoire que les fl{\`e}ches semblent {\^e}tre meilleures pour les utilisateurs exp{\'e}riment{\'e}s que la mini-map (vs Burigat) Interpr{\'e}tation : 1 Les fl{\`e}ches en VR ne demande pas de construction mentale des objets VR, contrairement {\`a} la mini-map, d'o{\`u} les r{\'e}sultats. 2 Les utilisateurs {\'e}tant novices, leur int{\'e}r{\^e}t s'est concentr{\'e} sur la d{\'e}couverte de l'AR sur mobile, et non pas sur la diff{\'e}rence d'interactions ? 3 La visualisation des fl{\`e}ches am{\'e}lior{\'e}e permettrait d'avoir une diff{\'e}rence significative dans les deux t{\^a}ches ? Ici, les fl{\`e}ches ne permettent pas de connaitre la distance des objets point{\'e}s. 4 Les hommes surestiment leurs capacit{\'e}s 5 Peut-{\^e}tre que manque de contr{\^o}le sur demander {\`a} utilisateurs de noter leurs comp{\'e}tences. Peut-{\^e}tre que les r{\'e}sultats de Burigat, se faisant en laboratoire, ne sont pas compatibles avec ceux de cette {\'e}tude, fais {\`a} l'ext{\'e}rieur.}
}

@article{schmalstieg_studierstube_2002,
  title = {The Studierstube Augmented Reality Project},
  volume = {11},
  timestamp = {2017-10-31T21:15:11Z},
  number = {1},
  journal = {Presence: Teleoperators and Virtual Environments},
  author = {Schmalstieg, Dieter and Fuhrmann, Anton and Hesina, Gerd and Szalav{\'a}ri, Zsolt and Encarna{\c c}ao, L Miguel and Gervautz, Michael and Purgathofer, Werner},
  year = {2002},
  keywords = {relevant},
  pages = {33--54}
}

@incollection{seifert_pointerphone:_2013,
  title = {{{PointerPhone}}: {{Using}} Mobile Phones for Direct Pointing Interactions with Remote Displays},
  timestamp = {2017-10-31T21:15:11Z},
  booktitle = {Human-{{Computer Interaction}}\textendash{}{{INTERACT}} 2013},
  publisher = {{Springer}},
  author = {Seifert, Julian and Bayer, Andreas and Rukzio, Enrico},
  year = {2013},
  pages = {18--35}
}

@inproceedings{serrano_exploring_2014,
  title = {Exploring the Use of Hand-to-Face Input for Interacting with Head-Worn Displays},
  timestamp = {2017-10-31T21:15:11Z},
  booktitle = {Proceedings of the {{SIGCHI Conference}} on {{Human Factors}} in {{Computing Systems}}},
  publisher = {{ACM}},
  author = {Serrano, Marcos and Ens, Barrett M and Irani, Pourang P},
  year = {2014},
  pages = {3181--3190}
}

@inproceedings{serrano_gluey:_2015,
  title = {Gluey: {{Developing}} a {{Head}}-{{Worn Display Interface}} to {{Unify}} the {{Interaction Experience}} in {{Distributed Display Environments}}},
  timestamp = {2017-10-31T21:15:11Z},
  booktitle = {Proceedings of the 17th {{International Conference}} on {{Human}}-{{Computer Interaction}} with {{Mobile Devices}} and {{Services}}},
  publisher = {{ACM}},
  author = {Serrano, Marcos and Ens, Barrett and Yang, Xing-Dong and Irani, Pourang},
  year = {2015},
  keywords = {rank3,relevant},
  pages = {161--171},
  annote = {[Probl{\`e}me de recherche] Comment utiliser un HWD dans un \guillemotleft{} distributed display environment \guillemotright{} (DDE), au del{\`a} d'un simple {\'e}cran suppl{\'e}mentaire, et pour r{\'e}soudre les probl{\`e}mes des DDE : le co{\^u}t du changement d'appareil en cours d'utilisation, et celui du transfert d'information entre deux appareils. Plus pr{\'e}cisement, les auteurs ont con{\c c}u une interface respectant tous les crit{\`e}res suivants : redirection de p{\'e}riph{\'e}rique d'entr{\'e}e, migration de l'information entre appareils, compatibilit{\'e} entre tous les appareils de l'environnement, un m{\'e}chanisme d'enregistrement d'appareil, un mod{\`e}le spatial de l'environnement, un retour {\`a} l'utilisateur constant et une interface qui peut {\^e}tre mobile. [Solution] Cr{\'e}ation et impl{\'e}mentation d'une interface utilisateur dans le HWD facilitant de mani{\`e}re transparente l'utilisation entre plusieurs appareils et permettant d'utiliser n'importe quel p{\'e}riph{\'e}rique d'entr{\'e}e sur n'importe que appareil. L'appareil en cours d'utilisation est celui dans le champs de vue de l'utilisateur. [M{\'e}thodologie] Des marqueurs 2x2cm sont pos{\'e}s sur les appareils et sont suivis par une cam{\'e}ra et ARToolKit. La t{\^e}te est suivie pour situer le pointeur, qui se trouve au centre de l'affichade du HWD. FoV de 23$^\circ$, avec 960x540 pixels. Tests non formels avec interviews avec 12 participants, {\'e}tudiants (une femme), entre 21 et 36 ans. [R{\'e}sultats] Il est possible de copier/coller du contenu entre diff{\'e}rents appareils, via le HWD. Ce contenu est donc mobile, l'utilisateur pouvant se d{\'e}placer pour atteindre d'autres appareils. Il est possible de prendre une photo, ou de s{\'e}lectionner une couleur sur un objet r{\'e}el et de la coller dans l'interface d'un appareil. Les diff{\'e}rentes entr{\'e}es possibles sont le clavier, la souris, les mouvements de doigts en l'air. Les utilisateurs ont globalement aim{\'e}, en premier pouvoir rediriger du contenu et la redirection de p{\'e}riph{\'e}rique d'entr{\'e}e. Est aussi valid{\'e} la s{\'e}lection de l'appareil par la direction de la t{\^e}te. Cependant, tous les p{\'e}riph{\'e}riques ne sont pas adapt{\'e}s {\`a} tous les affichages d'appareils. L'interface du HWD peut {\^e}tre g{\'e}nante dans un contexte mobile. Les feedbacks sont tr{\`e}s importants, ainsi qu'introduire un d{\'e}lai quand l'utilisateur change de contexte [Limites] Pas de r{\'e}elle exp{\'e}rimentation controll{\'e}e pour valider le concept. Propose une exp{\'e}rience unifi{\'e}e en permettant de d{\'e}coupler l'utilisation des appareils et des p{\'e}riph{\'e}riques d'entr{\'e}e mais c'est nier leurs diff{\'e}rences : chaque interaction se fait de mani{\`e}re diff{\'e}rente, il faudrait explorer ces diff{\'e}rences et leurs cons{\'e}quences sur l'utilisation du DDE. Limites du mat{\'e}riel : pas mobile, FoV limit{\'e}, latence trop haute. [Concepts-cl{\'e}s] Head-Worn Display; Distributed displays; Multi-display environments; Input redirection; Content migration. [Futurs travaux] [R{\'e}f{\'e}rences centrales]}
}

@inproceedings{serrano_desktop-gluey:_2015,
  title = {Desktop-{{Gluey}}: {{Augmenting Desktop Environments}} with {{Wearable Devices}}},
  timestamp = {2017-10-31T21:15:11Z},
  booktitle = {Proceedings of the 17th {{International Conference}} on {{Human}}-{{Computer Interaction}} with {{Mobile Devices}} and {{Services Adjunct}}},
  publisher = {{ACM}},
  author = {Serrano, Marcos and Ens, Barrett and Yang, Xing-Dong and Irani, Pourang},
  year = {2015},
  keywords = {rank3,relevant},
  pages = {1175--1178},
  annote = {[Probl{\`e}me de recherche] Explorer les possibilit{\'e}s d'utilisations r{\'e}elles de Gluey, en r{\'e}pondant {\`a} la question : "comment un bureau informatique peut-{\^e}tre augment{\'e} en utilisant un HWD" ? [Solution] {\'E}tendre l'affichage du bureau informatique {\`a} l'aide du HWD, organiser spatialement l'information, supporter la mobilit{\'e} de l'information, supporter la collaboration sur l'information. La m{\'e}taphore du bureau est augment{\'e}e {\`a} "partout" et "en tout temps" : n'importe quel appareil (souris, tablette, smartphone, main) peut servir de p{\'e}riph{\'e}rique d'entr{\'e}e, et n'importe quel p{\'e}riph{\'e}rique de sortie peut {\^e}tre {\'e}tendu dans son affichage. [M{\'e}thodologie] Design et pr{\'e}sentation des id{\'e}es, en s'appuyant sur des travaux ant{\'e}rieurs pour justifier certaines id{\'e}es. [R{\'e}sultats] Quatre sc{\'e}narios d'utilisations typiques sont propos{\'e}s - \guillemotleft{} Extending Physical Displays \guillemotright{} : de fen{\^e}tres virtuelles peuvent {\^e}tre cr{\'e}{\'e}es pour afficher du contenu additionnel, et peuvent {\^e}tre d{\'e}plac{\'e}es. - \guillemotleft{} Spatial Information Layout \guillemotright{} : le contenu virtuel peut {\^e}tre organis{\'e} spatialement. Un utilisateur peut utiliser sa m{\'e}moire spatiale pour acc{\'e}der {\`a} une application pr{\'e}c{\'e}demment plac{\'e}e {\`a} un endroit sp{\'e}cifique. - \guillemotleft{} "Mobile" desktop \guillemotright{} : un utlisateur peut utiliser un smartphone ou une tablette ou sa main, comme il peut utiliser une souris avec un clavier comme p{\'e}riph{\'e}riques d'entr{\'e}s. De plus, les fen{\^e}tre virtuelles peuvent devenir mobiles, suivant l'utilisateur. - \guillemotleft{} Collocated Desktops \guillemotright{} : il serait possible de permettre {\`a} plusieurs utilisateurs de partager des bureaux virtuels, chacun utilsant ses propres p{\'e}riph{\'e}riques d'entr{\'e}s. Il faut consid{\'e}rer l'orientation du contenu et des participants. [Limites] Aucune r{\'e}alisation de prototype. Aucune {\'e}tude exp{\'e}rimentale. [Concepts-cl{\'e}s] Design, environnements distribu{\'e}s, gluey, bureau [Futurs travaux] Construire et tester exp{\'e}rimentalement des prototypes impl{\'e}mentant ces designs ; explorer les facteurs de design pour les ajuster au mieux pour la performance et la satisfaction humaine : explorer les interactions d'entr{\'e}es en fonction du contexte, explorer l'ergonomie d'utilisation de telles fen{\^e}tres virtuelles, et d'explorer les orientations du contenu et des participants dans l'espace. [R{\'e}f{\'e}rences centrales] [1] Ens, B., Finnegan, R, and Irani, P. 2014. The personal cockpit: a spatial interface for effective task switching on head-worn displays. Proc. CHI '14. [3] Marquardt, Nicolai, Ken Hinckley, and Saul Greenberg. "Cross-device interaction via micro-mobility and f-formations." Proc. UIST '13. [5] Serrano, M., Ens, B., Yang, X-D., and Irani, P. 2015. Gluey: Developing a Head-Worn Display Interface to Unify the Interaction Experience in Distributed Display Environments. Proc. MobileHCI '15.}
}

@inproceedings{serrano_identifying_2014,
  title = {Identifying Suitable Projection Parameters and Display Configurations for Mobile True-{{3D}} Displays},
  timestamp = {2017-10-31T21:15:11Z},
  booktitle = {Proceedings of the 16th International Conference on {{Human}}-Computer Interaction with Mobile Devices \& Services},
  publisher = {{ACM}},
  author = {Serrano, Marcos and Hildebrandt, Dale and Subramanian, Sriram and Irani, Pourang},
  year = {2014},
  keywords = {relevant},
  pages = {135--143}
}

@article{shibata_zone_2011,
  title = {The Zone of Comfort: {{Predicting}} Visual Discomfort with Stereo Displays},
  volume = {11},
  timestamp = {2017-10-31T21:15:11Z},
  number = {8},
  journal = {Journal of vision},
  author = {Shibata, Takashi and Kim, Joohwan and Hoffman, David M and Banks, Martin S},
  year = {2011},
  pages = {11--11}
}

@inproceedings{shoemake_arcball:_1992,
  title = {{{ARCBALL}}: A User Interface for Specifying Three-Dimensional Orientation Using a Mouse},
  volume = {92},
  timestamp = {2017-10-31T21:15:11Z},
  booktitle = {Graphics {{Interface}}},
  author = {Shoemake, Ken},
  year = {1992},
  pages = {151--156}
}

@inproceedings{shupp_evaluation_2006,
  title = {Evaluation of Viewport Size and Curvature of Large, High-Resolution Displays},
  timestamp = {2017-10-31T21:15:11Z},
  booktitle = {Proceedings of {{Graphics Interface}} 2006},
  publisher = {{Canadian Information Processing Society}},
  author = {Shupp, Lauren and Ball, Robert and Yost, Beth and Booker, John and North, Chris},
  year = {2006},
  pages = {123--130}
}

@book{spielberg_minority_2002,
  title = {Minority {{Report}}},
  timestamp = {2017-10-31T21:15:11Z},
  author = {Spielberg, Steven},
  year = {2002},
  annote = {Los Angeles (CA) : 20th Century Fox. DVD, 145 min}
}

@inproceedings{sridhar_investigating_2015,
  title = {Investigating the Dexterity of Multi-Finger Input for Mid-Air Text Entry},
  timestamp = {2017-10-31T21:15:11Z},
  booktitle = {Proceedings of the 33rd {{Annual ACM Conference}} on {{Human Factors}} in {{Computing Systems}}},
  publisher = {{ACM}},
  author = {Sridhar, Srinath and Feit, Anna Maria and Theobalt, Christian and Oulasvirta, Antti},
  year = {2015},
  pages = {3643--3652}
}

@inproceedings{sutherland_head-mounted_1968,
  title = {A Head-Mounted Three Dimensional Display},
  timestamp = {2017-10-31T21:15:11Z},
  booktitle = {Proceedings of the {{December}} 9-11, 1968, Fall Joint Computer Conference, Part {{I}}},
  publisher = {{ACM}},
  author = {Sutherland, Ivan E},
  year = {1968},
  keywords = {rank4,relevant},
  pages = {757--764}
}

@article{szalavari_studierstube:_1998,
  title = {"{{Studierstube}}": {{An}} Environment for Collaboration in Augmented Reality},
  volume = {3},
  timestamp = {2017-10-31T21:15:11Z},
  number = {1},
  journal = {Virtual Reality},
  author = {Szalav{\`a}ri, Zsolt and Schmalstieg, Dieter and Fuhrmann, Anton and Gervautz, Michael},
  year = {1998},
  pages = {37--48}
}

@inproceedings{tan_effects_2003,
  title = {Effects of Visual Separation and Physical Discontinuities When Distributing Information across Multiple Displays},
  volume = {3},
  timestamp = {2017-10-31T21:15:11Z},
  booktitle = {Proc. {{Interact}}},
  author = {Tan, Desney S and Czerwinski, Mary},
  year = {2003},
  keywords = {relevant},
  pages = {252--255}
}

@inproceedings{tan_similar_2003,
  title = {With Similar Visual Angles, Larger Displays Improve Spatial Performance},
  timestamp = {2017-10-31T21:15:11Z},
  booktitle = {Proceedings of the {{SIGCHI}} Conference on {{Human}} Factors in Computing Systems},
  publisher = {{ACM}},
  author = {Tan, Desney S and Gergle, Darren and Scupelli, Peter and Pausch, Randy},
  year = {2003},
  keywords = {relevant},
  pages = {217--224}
}

@inproceedings{teather_pointing_2011,
  title = {Pointing at {{3D}} Targets in a Stereo Head-Tracked Virtual Environment},
  timestamp = {2017-10-31T21:15:11Z},
  booktitle = {{{3D User Interfaces}} ({{3DUI}}), 2011 {{IEEE Symposium}} On},
  publisher = {{IEEE}},
  author = {Teather, Robert J and Stuerzlinger, Wolfgang},
  year = {2011},
  pages = {87--94}
}

@article{terrenghi_taxonomy_2009,
  title = {A Taxonomy for and Analysis of Multi-Person-Display Ecosystems},
  volume = {13},
  timestamp = {2017-10-31T21:15:11Z},
  number = {8},
  journal = {Personal and Ubiquitous Computing},
  author = {Terrenghi, Lucia and Quigley, Aaron and Dix, Alan},
  year = {2009},
  keywords = {relevant},
  pages = {583--598},
  annote = {[Probl{\`e}me de recherche] [Solution] [M{\'e}thodologie] [R{\'e}sultats] [Limites] [Concepts-cl{\'e}s] [Futurs travaux] [R{\'e}f{\'e}rences centrales]}
}

@inproceedings{tohidi_getting_2006,
  title = {Getting the Right Design and the Design Right},
  timestamp = {2017-10-31T21:15:11Z},
  booktitle = {Proceedings of the {{SIGCHI}} Conference on {{Human Factors}} in Computing Systems},
  publisher = {{ACM}},
  author = {Tohidi, Maryam and Buxton, William and Baecker, Ronald and Sellen, Abigail},
  year = {2006},
  pages = {1243--1252}
}

@article{toma_comparative_2012,
  title = {A Comparative Evaluation of Human Interaction for Design and Assembly of {{3D CAD}} Models in Desktop and Immersive Environments},
  volume = {6},
  timestamp = {2017-10-31T21:15:11Z},
  number = {3},
  journal = {International Journal on Interactive Design and Manufacturing (IJIDeM)},
  author = {Toma, M{\u a}d{\u a}lina Ioana and G{\^\i}rbacia, Florin and Antonya, Csaba},
  year = {2012},
  pages = {179--193}
}

@article{van_dam_post-wimp_1997,
  title = {Post-{{WIMP}} User Interfaces},
  volume = {40},
  timestamp = {2017-10-31T21:15:11Z},
  number = {2},
  journal = {Communications of the ACM},
  author = {Van Dam, Andries},
  year = {1997},
  keywords = {rank3},
  pages = {63--67}
}

@article{van_krevelen_survey_2010,
  title = {A Survey of Augmented Reality Technologies, Applications and Limitations},
  volume = {9},
  timestamp = {2017-10-31T21:15:11Z},
  number = {2},
  journal = {International Journal of Virtual Reality},
  author = {Van Krevelen, DWF and Poelman, R},
  year = {2010},
  keywords = {rank4,relevant},
  pages = {1},
  annote = {[Historique AR] Premier prototype en 1966 avec Sutherland. Puis les ann{\'e}es 90 ont vu l'arriv{\'e}e des PC avec la miniaturisation, qui s'est poursuivie par la suite avec les PDA et les smartphones dans les ann{\'e}es 2000. L'AR est peu mobile, les prototypes sont souvent dans les labos. L'AR est devenue un champs de recherche {\`a} part enti{\`e}re {\`a} la fin des 90s}
}

@inproceedings{vatavu_visual_2014,
  title = {Visual Attention Measures for Multi-Screen {{TV}}},
  timestamp = {2017-10-31T21:15:11Z},
  booktitle = {Proceedings of the 2014 {{ACM}} International Conference on {{Interactive}} Experiences for {{TV}} and Online Video},
  publisher = {{ACM}},
  author = {Vatavu, Radu-Daniel and Mancas, Matei},
  year = {2014},
  pages = {111--118}
}

@phdthesis{velazquez-godinez_techniques_2012,
  title = {Des Techniques d'interaction Bimanuelles Pour La Manipulation de Visualisations de R{\'e}seaux},
  timestamp = {2017-10-31T21:15:11Z},
  school = {Ecole de technologie sup{\'e}rieure},
  author = {Velazquez-Godinez, Erick},
  year = {2012}
}

@inproceedings{vigliensoni_quantitative_2012,
  title = {A Quantitative Comparison of Position Trackers for the Development of a Touch-Less Musical Interface},
  timestamp = {2017-10-31T21:15:11Z},
  booktitle = {Proceedings of the 12th {{International Conference}} on {{New Interfaces}} for {{Musical Expression}} ({{NIME}} 2012), {{Vancouver}}, {{Canada}}},
  author = {Vigliensoni, Gabriel and Wanderley, Marcelo M},
  year = {2012},
  keywords = {rank3}
}

@inproceedings{vogel_distant_2005,
  title = {Distant Freehand Pointing and Clicking on Very Large, High Resolution Displays},
  timestamp = {2017-10-31T21:15:11Z},
  booktitle = {Proceedings of the 18th Annual {{ACM}} Symposium on {{User}} Interface Software and Technology},
  publisher = {{ACM}},
  author = {Vogel, Daniel and Balakrishnan, Ravin},
  year = {2005},
  pages = {33--42}
}

@inproceedings{vogel_occlusion-aware_2010,
  title = {Occlusion-Aware Interfaces},
  timestamp = {2017-10-31T21:15:11Z},
  booktitle = {Proceedings of the {{SIGCHI Conference}} on {{Human Factors}} in {{Computing Systems}}},
  publisher = {{ACM}},
  author = {Vogel, Daniel and Balakrishnan, Ravin},
  year = {2010},
  pages = {263--272}
}

@book{wachowski_matrix_2003,
  title = {The {{Matrix Reloaded}}},
  timestamp = {2017-10-31T21:15:11Z},
  author = {Wachowski, The},
  year = {2003},
  annote = {United Kingdom : Warner Home Video. DVD, 135 min}
}

@inproceedings{wallace_comparing_2008,
  title = {Comparing Content and Input Redirection in {{MDEs}}},
  timestamp = {2017-10-31T21:15:11Z},
  booktitle = {Proceedings of the 2008 {{ACM}} Conference on {{Computer}} Supported Cooperative Work},
  publisher = {{ACM}},
  author = {Wallace, James R and Mandryk, Regan L and Inkpen, Kori M},
  year = {2008},
  keywords = {relevant},
  pages = {157--166}
}

@inproceedings{wang_pop-up_2011,
  title = {Pop-up Depth Views for Improving {{3D}} Target Acquisition},
  timestamp = {2017-10-31T21:15:11Z},
  booktitle = {Proceedings of {{Graphics Interface}} 2011},
  publisher = {{Canadian Human-Computer Communications Society}},
  author = {Wang, Guangyu and McGuffin, Michael J and B{\'e}rard, Fran{\c c}ois and Cooperstock, Jeremy R},
  year = {2011},
  pages = {41--48}
}

@article{whittaker_character_2001,
  title = {The Character, Value, and Management of Personal Paper Archives},
  volume = {8},
  timestamp = {2017-10-31T21:15:11Z},
  number = {2},
  journal = {ACM Transactions on Computer-Human Interaction (TOCHI)},
  author = {Whittaker, Steve and Hirschberg, Julia},
  year = {2001},
  pages = {150--170}
}

@inproceedings{wingrave_towards_2002,
  title = {Towards Preferences in Virtual Environment Interfaces},
  volume = {23},
  timestamp = {2017-10-31T21:15:11Z},
  booktitle = {{{ACM International Conference Proceeding Series}}},
  author = {Wingrave, Chadwick A and Bowman, Doug A and Ramakrishnan, Naren},
  year = {2002},
  keywords = {rank5},
  pages = {63--72}
}

@article{wingrave_reflecting_2010,
  title = {Reflecting on the Design and Implementation Issues of Virtual Environments},
  volume = {19},
  timestamp = {2017-10-31T21:15:11Z},
  number = {2},
  journal = {Presence},
  author = {Wingrave, Chadwick A and LaViola, Joseph J},
  year = {2010},
  pages = {179--195}
}

@inproceedings{yee_peephole_2003,
  title = {Peephole Displays: Pen Interaction on Spatially Aware Handheld Computers},
  timestamp = {2017-10-31T21:15:11Z},
  booktitle = {Proceedings of the {{SIGCHI}} Conference on {{Human}} Factors in Computing Systems},
  publisher = {{ACM}},
  author = {Yee, Ka-Ping},
  year = {2003},
  pages = {1--8}
}

@inproceedings{zhou_trends_2008,
  title = {Trends in Augmented Reality Tracking, Interaction and Display: {{A}} Review of Ten Years of {{ISMAR}}},
  timestamp = {2017-10-31T21:15:11Z},
  booktitle = {Proceedings of the 7th {{IEEE}}/{{ACM International Symposium}} on {{Mixed}} and {{Augmented Reality}}},
  publisher = {{IEEE Computer Society}},
  author = {Zhou, Feng and Duh, Henry Been-Lirn and Billinghurst, Mark},
  year = {2008},
  pages = {193--202}
}

@book{bureau_du_cinema_et_de_la_television_du_quebec_etude_2016,
  title = {{\'E}tude de Potentiel Pour La Cr{\'e}ation d'un P{\^o}le Qu{\'e}b{\'e}cois d'excellence En R{\'e}alit{\'e} Augment{\'e}e ({{RA}}) et R{\'e}alit{\'e} Virtuelle ({{RV}})},
  timestamp = {2017-10-31T21:15:11Z},
  author = {{Bureau du cin{\'e}ma et de la t{\'e}l{\'e}vision du Qu{\'e}bec}},
  month = jan,
  year = {2016},
  annote = {[Notes] La d{\'e}cennie 1994-2004 a vu connaitre l'essorts du www et de la t{\'e}l{\'e}phonie mobile, celle de 2004-2014 a vu celle des r{\'e}seaux sociaux et l'explosion de la t{\'e}l{\'e}phonie mobile. La RV/RA se pr{\'e}sente comme la prochaine technologie marquante, en changeant nos exp{\'e}riences, communications et interactions personnelles, sociales et professionnelles les rendant plus immersives, plus collectives. La RV est en propulsion depuis 2015 d{\'e}j{\`a} avec les investissements de tous les grands groupes mondiaux dans la technologie, et elle prendra son essort en 2016. La RA aura plus de temps de retard, une d{\'e}cennie peut {\^e}tre. \guillemotleft{} La pr{\'e}sence de nos mains dans l'univers RA/RV est tr{\`e}s importante car elle permet {\`a} notre cerveau de mieux s'adapter {\`a} l'environnement et de mieux saisir les distances. \guillemotright{}}
}

@book{microsoft_microsoft_????,
  title = {Microsoft {{Hololens}} | {{Official Site}}},
  timestamp = {2017-10-31T21:15:12Z},
  author = {{Microsoft}}
}

@inproceedings{swan_survey_2005,
  title = {Survey of User-Based Experimentation in Augmented Reality},
  timestamp = {2017-10-31T21:15:12Z},
  booktitle = {Proceedings of 1st {{International Conference}} on {{Virtual Reality}}},
  author = {Swan, J Edward and Gabbard, Joseph L},
  year = {2005},
  pages = {1--9}
}

@inproceedings{yang_panelrama:_2014,
  title = {Panelrama: Enabling Easy Specification of Cross-Device Web Applications},
  timestamp = {2017-10-31T21:15:12Z},
  booktitle = {Proceedings of the {{SIGCHI Conference}} on {{Human Factors}} in {{Computing Systems}}},
  publisher = {{ACM}},
  author = {Yang, Jishuo and Wigdor, Daniel},
  year = {2014},
  keywords = {relevant},
  pages = {2783--2792}
}

@article{jagacinski_fitts_1985,
  title = {Fitts' {{Law}} in {{Two}} Dimensions with Hand and Head Movements Movements},
  volume = {17},
  timestamp = {2017-10-31T21:15:12Z},
  number = {1},
  journal = {Journal of motor behavior},
  author = {Jagacinski, Richard J and Monk, Donald L},
  year = {1985},
  pages = {77--95}
}

@inproceedings{wilson_robust_2006,
  title = {Robust Computer Vision-Based Detection of Pinching for One and Two-Handed Gesture Input},
  timestamp = {2017-10-31T21:15:12Z},
  booktitle = {Proceedings of the 19th Annual {{ACM}} Symposium on {{User}} Interface Software and Technology},
  publisher = {{ACM}},
  author = {Wilson, Andrew D},
  year = {2006},
  keywords = {relevant},
  pages = {255--258},
  annote = {taffi}
}

@inproceedings{gustafson_imaginary_2010,
  title = {Imaginary Interfaces: Spatial Interaction with Empty Hands and without Visual Feedback},
  timestamp = {2017-10-31T21:15:12Z},
  booktitle = {Proceedings of the 23nd Annual {{ACM}} Symposium on {{User}} Interface Software and Technology},
  publisher = {{ACM}},
  author = {Gustafson, Sean and Bierwirth, Daniel and Baudisch, Patrick},
  year = {2010},
  pages = {3--12}
}

@inproceedings{wang_6d_2011,
  title = {{{6D}} Hands: Markerless Hand-Tracking for Computer Aided Design},
  timestamp = {2017-10-31T21:15:12Z},
  booktitle = {Proceedings of the 24th Annual {{ACM}} Symposium on {{User}} Interface Software and Technology},
  publisher = {{ACM}},
  author = {Wang, Robert and Paris, Sylvain and Popovi{\'c}, Jovan},
  year = {2011},
  pages = {549--558}
}

@inproceedings{piumsomboon_grasp-shell_2014,
  title = {Grasp-{{Shell}} vs Gesture-Speech: {{A}} Comparison of Direct and Indirect Natural Interaction Techniques in Augmented Reality},
  timestamp = {2017-10-31T21:15:12Z},
  booktitle = {Mixed and {{Augmented Reality}} ({{ISMAR}}), 2014 {{IEEE International Symposium}} On},
  publisher = {{IEEE}},
  author = {Piumsomboon, Thammathip and Altimira, David and Kim, Hyungon and Clark, Adrian and Lee, Gun and Billinghurst, Mark},
  year = {2014},
  pages = {73--82}
}


