% Encoding: UTF-8

@InProceedings{Wobbrock2009,
  author    = {Jacob O. Wobbrock and Meredith Ringel Morris and Andrew D. Wilson},
  title     = {User-defined gestures for surface computing},
  booktitle = {Proceedings of the 27th international conference on Human factors in computing systems - CHI '09},
  year      = {2009},
  publisher = {{ACM} Press},
}

@InProceedings{Markussen2014,
  author    = {Anders Markussen and Mikkel R{\o}nne Jakobsen and Kasper Hornb{\ae}k},
  title     = {Vulture},
  booktitle = {Proceedings of the 32nd annual {ACM} conference on Human factors in computing systems - CHI '14},
  year      = {2014},
  publisher = {{ACM} Press},
}

@InProceedings{Piumsomboon2013,
  author    = {Thammathip Piumsomboon and Adrian Clark and Mark Billinghurst and Andy Cockburn},
  title     = {User-defined gestures for augmented reality},
  booktitle = {CHI '13 Extended Abstracts on Human Factors in Computing Systems on - CHI EA '13},
  year      = {2013},
  publisher = {{ACM} Press},
}

@InProceedings{Mei2007,
  author    = {Christopher Mei and Patrick Rives},
  title     = {Single View Point Omnidirectional Camera Calibration from Planar Grids},
  booktitle = {Proceedings 2007 {IEEE} International Conference on Robotics and Automation},
  year      = {2007},
  month     = {Avril},
  publisher = {{IEEE}},
}

@InProceedings{Piumsomboon2014,
  author    = {Thammathip Piumsomboon and David Altimira and Hyungon Kim and Adrian Clark and Gun Lee and Mark Billinghurst},
  title     = {Grasp-Shell vs gesture-speech: A comparison of direct and indirect natural interaction techniques in augmented reality},
  booktitle = {2014 {IEEE} International Symposium on Mixed and Augmented Reality ({ISMAR})},
  year      = {2014},
  month     = {Septembre},
  publisher = {{IEEE}},
}

@Online{OpenCVCcalibModule,
  author       = {OpenCV},
  year         = {2017},
  title        = {Custom Calibration Pattern for 3D reconstruction},
  howpublished = {En ligne.},
  url          = {https://docs.opencv.org/3.4.0/d3/ddc/group__ccalib.html},
  note         = {Consulté le 10 janvier 2018},
}

@InProceedings{LiuChapuisBeaudouin-LafonEtAl2014,
  author       = {Liu, Can and Chapuis, Olivier and Beaudouin-Lafon, Michel and Lecolinet, Eric and Mackay, Wendy E},
  title        = {Effects of display size and navigation type on a classification task},
  booktitle    = {Proceedings of the SIGCHI Conference on Human Factors in Computing Systems},
  year         = {2014},
  pages        = {4147--4156},
  organization = {ACM},
  keywords     = {relevant},
  timestamp    = {2016-03-15 21:40},
}

@InProceedings{EnsFinneganIrani2014,
  author       = {Ens, Barrett M and Finnegan, Rory and Irani, Pourang P},
  title        = {The personal cockpit: a spatial interface for effective task switching on head-worn displays},
  booktitle    = {Proceedings of the SIGCHI Conference on Human Factors in Computing Systems},
  year         = {2014},
  pages        = {3171--3180},
  organization = {ACM},
  keywords     = {relevant, rank4},
}

@InProceedings{GrubertHeinischQuigleyEtAl2015,
  author       = {Grubert, Jens and Heinisch, Matthias and Quigley, Aaron and Schmalstieg, Dieter},
  title        = {Multifi: Multi fidelity interaction with displays on and around the body},
  booktitle    = {Proceedings of the 33rd Annual ACM Conference on Human Factors in Computing Systems},
  year         = {2015},
  pages        = {3933--3942},
  organization = {ACM},
  keywords     = {relevant, rank3},
  timestamp    = {2016-03-22 20:18},
}

@Online{LeapMotionAlignmentCameraAR2015,
  author       = {Alex Colgan},
  year         = {2015},
  title        = {The Alignment Problem: How to Position Cameras for Augmented Reality},
  howpublished = {En ligne.},
  url          = {http://blog.leapmotion.com/alignment-problem-position-cameras-augmented-reality/},
  note         = {Consulté le 30 septembre 2017},
  month        = {Juin},
}

@Online{SteptoeAR-Rift2014,
  author       = {William Steptoe},
  year         = {2014},
  title        = {AR-Rift},
  howpublished = {En ligne.},
  url          = {http://willsteptoe.com/post/66968953089/ar-rift-part-1},
  note         = {Consulté le 20 mai 2016},
}

@Online{UnityFutureMRPartII2017,
  author       = {Dioselin Gonzalez and Colin Alleyne and and Sylvio Drouin},
  year         = {2017},
  title        = {Looking to the future of mixed reality (Part II)},
  howpublished = {En ligne.},
  url          = {https://blogs.unity3d.com/2017/09/21/looking-to-the-future-of-mixed-reality-part-ii/},
  note         = {Consulté le 21 septembre 2017},
  month        = {Septembre},
  timestamp    = {2017-11-01},
}

@Online{LeapMotionARWorkspace2015,
  author       = {Raffi Bedikian},
  year         = {2015},
  title        = {Under the Hood: The Leap Motion Hackathon's Augmented Reality Workspace},
  howpublished = {En ligne.},
  url          = {http://blog.leapmotion.com/hood-leap-motion-hackathons-augmented-reality-workspace/},
  note         = {Consulté le 10 mai 2016},
  month        = {Juillet},
}

@InProceedings{Berge2014,
  author    = {Louis-Pierre Berg{\'{e}} and Marcos Serrano and Gary Perelman and Emmanuel Dubois},
  title     = {Exploring smartphone-based interaction with overview+detail interfaces on 3D public displays},
  booktitle = {Proceedings of the 16th International Conference on Human-computer Interaction with Mobile Devices \&\#38; Services - MobileHCI '14},
  year      = {2014},
  publisher = {{ACM} Press},
}

@InCollection{Berard2009,
  author    = {Fran{\c{c}}ois B{\'{e}}rard and Jessica Ip and Mitchel Benovoy and Dalia El-Shimy and Jeffrey R. Blum and Jeremy R. Cooperstock},
  title     = {Did {\textquotedblleft}Minority Report{\textquotedblright} Get It Wrong? Superiority of the Mouse over 3D Input Devices in a 3D Placement Task},
  booktitle = {Human-Computer Interaction {\textendash} {INTERACT} 2009},
  publisher = {Springer Berlin Heidelberg},
  year      = {2009},
  pages     = {400--414},
}

@InProceedings{Robertson1998,
  author    = {George Robertson and Mary Czerwinski and Kevin Larson and Daniel C. Robbins and David Thiel and Maarten van Dantzich},
  title     = {Data mountain},
  booktitle = {Proceedings of the 11th annual {ACM} symposium on User interface software and technology - UIST'98},
  year      = {1998},
  publisher = {{ACM} Press},
}

@InProceedings{Esteves2017,
  author    = {Augusto Esteves and David Verweij and Liza Suraiya and Rasel Islam and Youryang Lee and Ian Oakley},
  title     = {{SmoothMoves}},
  booktitle = {Proceedings of the 30th Annual {ACM} Symposium on User Interface Software and Technology - UIST'17},
  year      = {2017},
  publisher = {{ACM} Press},
}

@Article{Burigat2011,
  author    = {Stefano Burigat and Luca Chittaro},
  title     = {On the effectiveness of Overview+Detail visualization on mobile devices},
  journal   = {Personal and Ubiquitous Computing},
  year      = {2011},
  volume    = {17},
  number    = {2},
  pages     = {371--385},
  month     = {dec},
  publisher = {Springer Nature},
}

@InProceedings{Huerst2010,
  author    = {Wolfgang Hürst and Tair Bilyalov},
  title     = {Dynamic versus static peephole navigation of {VR} panoramas on handheld devices},
  booktitle = {Proceedings of the 9th International Conference on Mobile and Ubiquitous Multimedia - MUM'10},
  year      = {2010},
  publisher = {{ACM} Press},
}

@Article{Mehra2006,
  author    = {Sumit Mehra and Peter Werkhoven and Marcel Worring},
  title     = {Navigating on handheld displays},
  journal   = {{ACM} Transactions on Computer-Human Interaction},
  year      = {2006},
  volume    = {13},
  number    = {4},
  pages     = {448--457},
  month     = {dec},
  publisher = {Association for Computing Machinery ({ACM})},
}

@Book{AdrianKaehler2017,
  title     = {Learning OpenCV 3},
  publisher = {O'Reilly UK Ltd.},
  year      = {2017},
  author    = {Adrian Kaehler, Gary Bradski},
  isbn      = {1491937998},
  date      = {2017-02-11},
  ean       = {9781491937990},
  url       = {http://www.ebook.de/de/product/24777502/adrian_kaehler_gary_bradski_learning_opencv_3.html},
}

@Online{OpenCVCalib3dModule,
  author       = {OpenCV},
  year         = {2017},
  title        = {Camera Calibration and 3D Reconstruction},
  howpublished = {En ligne.},
  url          = {https://docs.opencv.org/3.4.0/d9/d0c/group__calib3d.html},
  note         = {Consulté le 10 janvier 2018},
}

@Online{OpenCVArUcoModule,
  author       = {OpenCV},
  year         = {2017},
  title        = {ArUco Marker Detection},
  howpublished = {En ligne.},
  url          = {https://docs.opencv.org/3.4.0/d9/d6a/group__aruco.html},
  note         = {Consulté le 10 janvier 2018},
}

@Article{Hoell2016,
  author      = {Markus Höll and Nikolaus Heran and Vincent Lepetit},
  title       = {Augmented Reality Oculus Rift},
  journal     = {arXiv preprint arXiv:1604.08848},
  year        = {2016},
  date        = {2016-04-29},
  eprint      = {1604.08848v1},
  eprintclass = {cs.GR},
  eprinttype  = {arXiv},
  file        = {online:http\://arxiv.org/pdf/1604.08848v1:PDF},
  keywords    = {cs.GR},
}

@Online{UnityFutureMRPartIII2017,
  author       = {Dioselin Gonzalez},
  year         = {2017},
  title        = {Looking to the future of mixed reality (Part III)},
  howpublished = {En ligne.},
  url          = {https://blogs.unity3d.com/2017/10/09/looking-to-the-future-of-mixed-reality-part-iii/},
  note         = {Consulté le 9 octobre 2017},
}

@InProceedings{ChanKaoChenEtAl2010,
  author       = {Chan, Li-Wei and Kao, Hui-Shan and Chen, Mike Y and Lee, Ming-Sui and Hsu, Jane and Hung, Yi-Ping},
  title        = {Touching the void: direct-touch interaction for intangible displays},
  booktitle    = {Proceedings of the SIGCHI Conference on Human Factors in Computing Systems},
  year         = {2010},
  pages        = {2625--2634},
  organization = {ACM},
}

@InProceedings{Lee2013,
  author    = {Jinha Lee and Alex Olwal and Hiroshi Ishii and Cati Boulanger},
  title     = {{SpaceTop}},
  booktitle = {Proceedings of the {SIGCHI} Conference on Human Factors in Computing Systems - CHI' 13},
  year      = {2013},
  publisher = {{ACM} Press},
}

@MastersThesis{Millette2016,
  author  = {Alexandre Millette},
  title   = {DualCAD : Intégrer la réalité augmentée et les interfaces d'ordinateurs de bureau dans un contexte de conception assistée par ordinateur.},
  school  = {École de technologie supérieure},
  year    = {2016},
  type    = {Mémoire de maîtrise en génie logiciel},
  address = {Montréal},
  pages   = {132},
}

@Online{GartnerHypeCurve2017,
  author       = {Gartner},
  year         = {2017},
  title        = {Top Trends in the Gartner Hype Cycle for Emerging Technologies, 2017},
  howpublished = {En ligne.},
  url          = {https://www.gartner.com/smarterwithgartner/top-trends-in-the-gartner-hype-cycle-for-emerging-technologies-2017/},
  note         = {Consulté le 10 février 2018},
}

@Online{Chaffey2018,
  author       = {Dave Chaffey},
  year         = {2018},
  title        = {Mobile Marketing Statistics compilation},
  howpublished = {En ligne.},
  url          = {https://www.smartinsights.com/mobile-marketing/mobile-marketing-analytics/mobile-marketing-statistics/},
  note         = {Consulté le 10 février 2018},
}

@Online{OfficeQuebecoisLangueFrancaiseRA2015,
  author        = {{Office québécois de la langue française}},
  year          = {2015},
  title         = {réalité augmentée},
  howpublished  = {En ligne.},
  url           = {http://gdt.oqlf.gouv.qc.ca/ficheOqlf.aspx?Id\_Fiche=8390612},
  note          = {Consulté le 21 avril 2015},
  publisher     = {Le grand dictionnaire terminologique},
}

@Article{Azuma1997,
  author    = {Azuma, Ronald T},
  title     = {A survey of augmented reality},
  journal   = {Presence: Teleoperators and virtual environments},
  year      = {1997},
  volume    = {6},
  number    = {4},
  pages     = {355--385},
  publisher = {MIT Press},
}

@Comment{jabref-meta: databaseType:bibtex;}

@Comment{jabref-entrytype: Online: req[author;year;title;howpublished;url;note] opt[publisher]}
